1956 3242
294 223 329 272 8
815 221 1118 286 Excerpta
1158 221 1378 274 Brevia

364 371 455 428 qui
491 371 702 428 poterat
738 365 1008 414 clamabat
1044 382 1203 415 avum
1241 372 1354 414 tum
1392 365 1619 430 denique
1656 373 1850 427 visum,

239 460 281 492 10
431 450 485 491 et
521 450 612 506 qui
648 442 737 491 vix
774 451 1001 506 poterat,
1044 459 1203 505 posse
1239 451 1459 492 coactus
1495 451 1624 493 erat.

364 521 472 570 tela
507 521 634 570 viris
671 521 938 584 animique
973 522 1189 578 cadunt,
1230 521 1530 585 gladiisque
1567 529 1782 571 remotis

431 599 562 647 dant
599 606 767 648 soceri
803 606 1017 662 generis
1054 599 1423 663 accipiuntque
1461 611 1668 658 manus,

364 677 718 740 laudatasque
754 684 936 725 tenent
973 685 1146 736 netem,
1188 684 1448 740 scutoque
1484 684 1733 740 nepotem

431 755 533 804 fert
569 771 719 803 avus.
795 754 881 803 hic
918 761 1056 805 senti
1091 754 1294 803 dulcior
1329 765 1460 803 usus
1496 761 1625 803 erat.

1064 913 1127 964 18

301 1026 482 1080 idibus
519 1038 602 1080 est
638 1031 823 1081 Annae
859 1030 1055 1080 festum
1093 1030 1303 1095 geniale
1340 1032 1610 1081 Perennae

365 1110 507 1157 haud
545 1110 727 1172 procul
765 1117 798 1158 a
834 1115 978 1171 ripis,
1010 1109 1217 1157 advena
1252 1109 1468 1172 Thybri,
1509 1116 1642 1167 tuis;

299 1188 449 1250 plebs
486 1186 630 1235 venit
667 1204 730 1235 ac
765 1186 964 1235 virides
1002 1187 1201 1250 passim
1240 1187 1463 1236 disiecta
1498 1203 1591 1250 per
1627 1186 1820 1237 herbas

367 1272 536 1326 petat,
579 1272 632 1313 et
668 1264 934 1314 accumbit
970 1281 1089 1313 curn
1129 1281 1255 1328 pare
1292 1265 1516 1328 quisque
1553 1273 1667 1313 sua.

259 1344 398 1394 ssub
438 1344 564 1391 Iove
602 1358 726 1405 pars
763 1343 938 1401 durat,
980 1349 1137 1405 pauci
1172 1343 1403 1392 tenteria
1437 1350 1663 1406 penum,

366 1428 492 1468 sunt
529 1420 722 1483 quibus
760 1428 788 1469 e
827 1427 988 1469 ramis
1023 1421 1244 1469 frondea
1281 1420 1424 1469 facta
1459 1436 1587 1469 casa
1622 1427 1719 1469 est.

298 1514 441 1560 pars,
483 1498 572 1546 ubi
609 1505 706 1560 pre
744 1497 929 1561 rigidis
966 1499 1203 1547 calamos
1240 1505 1476 1548 statuere
1512 1499 1789 1558 columniS,

365 1577 595 1639 desuper
631 1583 876 1625 extentes
914 1576 1214 1639 imposuere
1251 1583 1428 1641 togas.

298 1654 410 1703 sele
446 1661 626 1703 tamen
663 1661 893 1718 vineque
929 1655 1121 1714 calent,
1163 1662 1440 1718 annesque
1477 1662 1759 1718 precantur

241 1752 282 1784 10
365 1740 497 1796 quot
533 1740 749 1781 sumant
786 1732 1027 1796 cyathes,
1069 1733 1137 1781 ad
1174 1749 1557 1796 numerumque
1594 1733 1800 1782 bibunt.

299 1808 401 1857 illic
438 1816 491 1858 et
526 1817 746 1858 cantant
782 1809 1033 1873 quicquid
1070 1810 1300 1859 didicere
1336 1811 1577 1869 theatris,

366 1894 419 1935 et
456 1886 656 1936 iactant
692 1887 878 1937 faciles
915 1888 983 1937 ad
1021 1905 1120 1937 sua
1155 1890 1318 1937 verba
1353 1900 1571 1946 manus;

298 1972 350 2013 et
387 1965 588 2013 ducunt
625 1965 802 2029 posite
839 1967 1001 2015 duras
1038 1974 1243 2016 cratere
1279 1967 1519 2026 choreas,

364 2043 614 2106 cultaque
649 2044 857 2093 diffusis
894 2045 1057 2093 saltat
1094 2051 1266 2094 amica
1301 2051 1484 2094 comis.

240 2143 280 2175 15
296 2137 417 2171 cum
457 2122 695 2180 redeunt,
736 2122 971 2172 titubant
1008 2130 1060 2172 et
1098 2130 1223 2172 sunt
1260 2123 1565 2186 spectacula
1599 2123 1763 2187 volgi,

365 2206 418 2247 et
460 2199 795 2248 ‘fortunates
815 2201 826 2220 ’
864 2199 1022 2249 obvia
1057 2202 1215 2249 turba
1250 2208 1423 2249 vocat.

297 2276 526 2326 occurrit
563 2288 731 2340 nuper
768 2276 904 2341 (visa
940 2285 1022 2326 est
1060 2277 1186 2325 mihi
1223 2278 1389 2340 digna
1426 2275 1615 2339 reletfl)

364 2370 587 2417 pompa:
626 2370 806 2403 senem
844 2360 1032 2417 petum
1066 2362 1199 2418 peta
1234 2355 1483 2404 trahebat
1519 2370 1670 2403 anus.

1062 2505 1124 2556 19

302 2625 519 2688 Iamque
557 2624 745 2687 pedem
784 2623 1016 2674 referens
1052 2632 1211 2673 cesus
1246 2629 1492 2673 evaserat
1528 2630 1732 2682 omnes„

299 2702 609 2765 redditaque
649 2701 908 2765 Eurydice
945 2710 1166 2765 superes
1203 2701 1448 2751 veniebat
1485 2701 1552 2749 ad
1589 2709 1747 2749 auras

299 2787 438 2842 pene
499 2787 728 2844 sequens
790 2778 1040 2844 (namque
1100 2781 1235 2829 hanc
1294 2780 1512 2829 dederat
1571 2778 1889 2842 Preserpina

433 2857 647 2922 legem),

299 2953 418 2985 cum
458 2937 635 2985 subita
671 2936 942 2986 incautum
979 2935 1250 2985 dementia
1285 2934 1425 2998 cepit
1461 2941 1746 2992 amantem,

262 3015 630 3077 5ignescenda
666 3015 897 3078 quidem,
939 3021 1134 3064 scirent
1171 3020 1217 3062 si
1251 3020 1528 3076 ignescere
1567 3011 1783 3061 Manes:
