1956 3242
284 188 352 237 86
803 187 1106 250 Excerpta
1146 187 1365 238 Brevia

287 330 481 387 Silvius
518 332 745 389 Aeneas,
787 331 984 393 pariter
1019 331 1216 393 pietate
1253 332 1335 380 vel
1372 338 1534 381 armis

230 424 270 455 15
287 409 555 473 egregius,
598 416 644 457 si
681 425 933 472 umquam
972 410 1300 472 regnandam
1338 410 1602 473 acceperit
1636 411 1843 460 Albam.

285 493 376 550 qui
412 487 657 536 iuvenes!
696 494 926 549 quantas
963 494 1255 546 ostentant,
1297 487 1493 550 aspice,
1536 494 1675 537 vires

285 573 445 629 atque
483 567 729 613 umbrata
764 571 959 628 gerunt
994 565 1135 613 civili
1169 572 1414 628 tempora
1448 567 1674 629 quercu!

286 644 338 691 hi
375 643 468 692 tibi
513 644 839 692 Nomentum
876 651 930 692 et
965 643 1165 692 Gabios
1203 645 1492 709 urbemque
1531 645 1805 704 Fidenam,

286 722 339 768 bi
376 722 671 769 Collatinas
709 721 984 783 imponent
1021 722 1292 771 montibus
1329 730 1497 782 arceS,

231 817 270 848 20
288 798 560 847 Pometios
597 799 953 862 Castrumque
992 800 1108 848 Inui
1146 801 1438 864 Bolamque
1475 801 1791 864 Coramque.

286 879 416 926 haec
467 885 582 926 tum
636 877 853 926 nomina
905 885 1076 938 erunt,
1129 895 1269 927 nunc
1322 886 1447 927 sunt
1501 879 1613 928 sine
1667 878 1879 928 nomine

420 963 607 1005 terrae.

285 1041 410 1096 quin
448 1042 501 1082 et
537 1041 640 1083 avo
676 1033 924 1083 comitem
962 1042 1082 1084 sese
1120 1034 1421 1084 Mavortius
1457 1035 1619 1084 addet

290 1113 565 1172 Romulus,
609 1112 843 1162 Assarici
879 1129 1036 1175 quem
1075 1113 1355 1177 sanguinis
1395 1108 1491 1162 ilia
1527 1121 1696 1163 mater

286 1191 491 1239 educet.
568 1191 723 1240 viden
761 1198 820 1239 ut
855 1191 1102 1255 geminae
1139 1199 1285 1240 stant
1321 1192 1516 1242 vertice
1541 1193 1734 1242 cristae

230 1287 271 1319 25
287 1276 340 1318 et
376 1276 527 1332 pater
563 1269 675 1331 ipse
712 1276 811 1317 suo
848 1286 1100 1332 superum
1137 1269 1243 1319 iam
1280 1277 1462 1334 signat
1498 1271 1733 1320 honore?

286 1354 351 1396 en
389 1348 564 1406 huius,
605 1354 746 1405 nate,
789 1347 1041 1410 auspiciis
1079 1348 1167 1396 illa
1203 1347 1384 1397 inclita
1423 1349 1597 1397 Roma

286 1425 563 1488 imperium
600 1432 771 1484 terris,
814 1425 1022 1475 animos
1059 1426 1311 1489 aequabit
1348 1427 1596 1490 Olympo,

287 1511 597 1567 septemque
634 1514 741 1552 una
777 1503 878 1552 sibi
914 1510 1069 1553 muro
1106 1504 1454 1553 circumdabit
1491 1512 1659 1564 arces,

288 1582 411 1631 felix
448 1582 595 1645 prole
632 1581 830 1630 virum:
868 1582 1041 1645 qualis
1081 1583 1393 1646 Berecyntia
1429 1591 1598 1632 mater

231 1680 273 1713 30
289 1660 552 1709 invehitur
587 1671 743 1709 curru
782 1660 1046 1725 Phrygias
1083 1667 1274 1709 turrIta
1310 1678 1402 1724 per
1438 1663 1597 1710 urbes

289 1738 430 1786 laeta
465 1738 623 1786 deum
661 1746 835 1801 partu,
877 1746 1091 1787 centum
1128 1739 1408 1801 complexa
1444 1745 1684 1802 nepotes,

288 1823 474 1865 omnes
512 1816 810 1875 caelicolas,
853 1824 1039 1866 omnes
1077 1833 1270 1879 supera
1306 1818 1416 1865 alta
1451 1824 1714 1866 tenentes.

289 1895 392 1943 huc
427 1894 672 1959 geminas
710 1911 850 1943 nunc
886 1895 1038 1943 flecte
1076 1894 1238 1954 acies,
1280 1895 1417 1943 hanc
1454 1895 1633 1958 aspice
1669 1902 1886 1959 gentem

292 1974 675 2036 Romanosque
711 1979 852 2022 tuos.
930 1973 1014 2021 hic
1051 1973 1251 2021 Caesar
1287 1980 1339 2021 et
1376 1972 1549 2022 omnis
1590 1974 1689 2021 Iuli

233 2073 273 2104 35
290 2050 577 2114 progenies
614 2058 873 2113 magnum
910 2050 1042 2099 caeli
1078 2057 1303 2098 ventura
1339 2051 1439 2098 sub
1477 2067 1648 2099 axem.

291 2129 375 2176 hic
410 2128 506 2187 vir,
547 2127 632 2177 hic
668 2136 767 2188 est,
798 2127 893 2177 tibi
930 2145 1087 2192 quem
1126 2134 1366 2191 promItti
1403 2129 1616 2191 saepius
1655 2129 1827 2188 audis,

290 2207 570 2269 Augustus
608 2207 825 2265 Caesar,
868 2207 976 2255 divi
1011 2223 1202 2270 genus,
1245 2223 1407 2255 aurea
1442 2207 1635 2256 condet

292 2285 506 2333 saecula
540 2291 631 2347 qui
669 2295 852 2333 rursus
892 2284 1046 2333 Latio
1083 2292 1310 2348 regnata
1346 2301 1440 2346 per
1475 2301 1604 2333 arva

294 2363 528 2410 Saturno
562 2363 850 2425 quondam,
894 2379 1053 2425 super
1089 2371 1142 2411 et
1178 2363 1534 2410 Garamantas
1572 2370 1624 2410 et
1664 2362 1827 2411 Indos

235 2463 276 2494 40
293 2439 525 2502 proferet
562 2439 866 2501 imperium;
905 2440 1042 2489 iacet
1078 2447 1230 2488 extra
1266 2440 1442 2488 sidera
1477 2440 1651 2498 tellus,

293 2526 445 2566 extra
481 2523 604 2565 anni
641 2517 875 2581 solisque
911 2518 1043 2576 vias,
1086 2517 1174 2566 ubi
1211 2518 1421 2566 caelifer
1456 2518 1608 2566 Atlas

293 2612 448 2643 axem
486 2602 670 2643 umero
705 2603 919 2658 torquet
956 2596 1123 2645 stellis
1160 2596 1470 2644 ardentibus
1496 2603 1698 2658 aptum.

294 2674 449 2723 huius
487 2674 537 2722 in
576 2674 864 2722 adventum
902 2674 1005 2722 iam
1044 2690 1183 2723 nunc
1220 2682 1273 2723 et
1310 2674 1509 2737 Caspia
1546 2682 1716 2738 regna

295 2758 564 2815 responsis
603 2752 818 2800 horrent
853 2752 1034 2800 divum
1072 2760 1125 2801 et
1163 2752 1401 2801 Maeotia
1437 2753 1612 2811 tellus,

237 2850 278 2881 45
295 2838 347 2879 et
384 2829 792 2894 septemgemini
828 2831 1046 2878 turbant
1082 2830 1289 2892 trepida
1325 2829 1466 2878 ostia
1503 2831 1623 2878 Nili.

296 2925 392 2958 nec
427 2915 555 2958 vero
590 2908 803 2958 Alcides
840 2914 1047 2957 tantum
1086 2907 1288 2957 telluris
1324 2907 1508 2967 obivit,

296 2987 477 3036 fixerit
513 2987 813 3051 aeripedem
849 3002 1060 3036 cervam
1097 2986 1235 3045 licet,
1266 2994 1359 3036 aut
1397 2986 1710 3050 Erymanthi
