1956 3242
623 221 921 284 Excerpta
960 222 1176 272 Brevia
1618 243 1675 290 31

861 401 925 450 41

167 520 356 575 [Appius
373 522 599 570 Claudius,
619 536 647 562 a
670 523 917 570 Decemvir,
937 522 1183 575 attempted
1203 528 1249 563 to
1265 525 1444 564 enslave
1459 525 1678 577 Virginia,

112 586 263 625 whose
280 586 426 625 father
445 586 582 625 saved
599 587 676 625 her
691 586 750 638 by
770 587 949 638 slaying
964 587 1055 626 her.
1118 587 1295 638 Uproar
1309 588 1526 628 followed.
1587 590 1682 629 The

112 649 237 700 plebs
263 649 452 688 seceded
479 654 525 688 to
552 650 625 688 the
654 650 883 697 Aventine,
910 649 1000 689 and
1029 663 1145 689 were
1167 650 1319 703 joined
1348 651 1408 703 by
1437 653 1509 691 the
1536 667 1677 705 army.

112 712 207 751 The
239 712 487 751 Decemviri
517 713 584 751 for
612 726 734 752 some
764 714 867 752 time
897 713 1071 753 refused
1100 718 1146 753 to
1174 714 1395 763 abdicate,
1426 715 1502 754 but
1533 716 1680 769 finally

110 776 185 814 the
205 776 381 815 ancient
402 777 685 815 constitution
707 790 801 816 was
823 777 1034 824 restored,
1058 777 1148 817 and
1168 791 1266 817 new
1286 780 1395 818 laws
1415 778 1616 832 passed]

178 905 311 952 Cum
340 912 494 952 vasta
521 906 721 953 Remae
746 906 922 954 omnia
950 913 1158 955 insueta
1187 907 1419 956 selitude
1448 908 1675 968 fecisset,

111 981 162 1028 in
193 981 307 1028 fore
337 989 544 1042 praeter
574 989 772 1042 pauces
804 982 1066 1030 seniorum
1101 991 1255 1031 neme
1285 992 1441 1041 esset,
1477 992 1679 1033 vocatis

110 1057 290 1119 utique
338 1057 388 1104 in
442 1066 684 1105 senatum
739 1058 976 1119 patribus
1029 1060 1294 1107 desertum
1349 1061 1679 1122 apparuisset

110 1133 296 1190 forum,
334 1134 509 1195 plnres
542 1134 644 1182 iam
680 1150 838 1196 quam
875 1135 1129 1182 Horatius
1163 1152 1224 1183 ac
1259 1137 1503 1184 Valerius
1539 1138 1679 1185 veci-

109 1210 438 1257 ferabantur:
492 1210 664 1272 ‘Quid
705 1211 1096 1272 exspectabitis,
1144 1220 1320 1273 patres
1362 1215 1714 1275 conscriptIP⁵

110 1292 155 1334 si
186 1286 467 1334 decemviri
502 1286 665 1335 finem
700 1287 1017 1349 pertinaciae
1048 1295 1151 1335 nen
1189 1288 1402 1345 faciunt,
1439 1305 1584 1337 ruere
1617 1306 1679 1338 ac

109 1363 402 1424 deflagrare
438 1363 614 1410 omnia
655 1370 863 1425 passuri
904 1364 1065 1411 estis?
1136 1366 1275 1426 quod
1319 1372 1493 1412 autem
1538 1365 1678 1414 istud

108 1439 381 1501 imperium
399 1447 497 1498 est,
518 1440 812 1498 decemviri,
835 1441 974 1502 quod
993 1442 1220 1502 amplexi
1236 1441 1460 1489 tenetis?
1525 1449 1677 1490 tectis

108 1531 170 1564 ac
199 1516 486 1577 parietibus
511 1516 624 1564 iura
648 1517 837 1565 dicturi
862 1517 1024 1565 estis?
1095 1525 1198 1565 non
1228 1519 1406 1580 pudet,
1437 1519 1677 1566 lictorum

107 1599 404 1640 vestrerum
434 1593 685 1641 maierem
716 1609 878 1655 prope
912 1610 1184 1641 numerum
1219 1594 1268 1641 in
1299 1594 1415 1643 fore
1445 1596 1733 1656 censpieiio

107 1685 265 1732 quam
289 1676 599 1732 togaterum
629 1670 884 1718 aliorum?
954 1670 1095 1732 quid,
1128 1670 1170 1718 si
1197 1672 1378 1719 hostes
1404 1673 1470 1719 ad
1496 1674 1675 1720 urbem

107 1746 335 1804 veniant,
360 1747 549 1795 facturi
573 1747 735 1795 estis?
805 1747 946 1809 quid,
972 1754 1016 1795 si
1041 1748 1188 1808 plebs
1216 1765 1355 1806 mox,
1380 1749 1467 1796 ubi
1493 1765 1675 1810 parum

108 1823 407 1871 secessiene
471 1832 792 1881 moveamur,
856 1832 1060 1872 armata
1117 1825 1326 1872 veniat?
1419 1834 1677 1873 occasune

108 1899 252 1947 urbis
277 1899 432 1947 voltis
457 1899 614 1948 finire
639 1899 945 1962 imperium?
1016 1907 1162 1962 atqui
1187 1908 1278 1948 aut
1303 1902 1451 1962 plebs
1472 1909 1573 1949 non
1596 1909 1677 1949 est

107 1976 349 2023 habenda
380 1982 472 2023 aut
505 1976 730 2024 habendi
759 1983 882 2024 sunt
912 1976 1106 2023 tribuni
1135 1977 1317 2038 plebis.
1393 1985 1490 2025 nos
1523 1978 1732 2026 citiuS15

107 2051 427 2100 caruerimus
458 2051 688 2113 patriciis
720 2052 1118 2115 magistratibus
1149 2069 1307 2114 quam
1338 2054 1409 2100 illi
1438 2054 1670 2115 plebeiis.

108 2144 298 2176 novam
324 2128 753 2190 inexpertamque
779 2145 893 2176 eam
922 2136 1238 2190 potestatem
1266 2129 1499 2191 eripuere
1519 2131 1677 2192 patri-

107 2207 206 2253 bus
253 2212 465 2263 nostris,
513 2212 578 2253 ne
626 2221 763 2253 nunc
804 2205 1076 2254 dulcedine
1124 2207 1284 2253 semel
1326 2213 1467 2268 capti
1508 2207 1676 2255 ferant

107 2282 439 2340 desiderium,
469 2297 587 2329 cum
613 2282 921 2344 praesertim
951 2298 1046 2331 nec
1075 2290 1172 2330 nes
1202 2291 1553 2345 temperemus
1584 2284 1676 2330 im-

106 2358 280 2421 periis,
321 2365 427 2421 que
463 2358 634 2406 minus
672 2358 743 2406 illi
778 2359 958 2407 auxilii
992 2360 1223 2422 egeant.'
1292 2377 1410 2407 eum
1448 2361 1575 2408 haec
1611 2377 1676 2408 ex
1690 2379 1732 2410 20

107 2441 250 2483 omni
301 2442 450 2497 parte
502 2435 836 2494 metarentur,
888 2436 1012 2484 victi
1064 2444 1327 2484 consensu
1376 2437 1670 2494 decemviri,

107 2511 312 2559 futures
337 2518 412 2569 se,
441 2511 654 2572 quande
683 2511 757 2558 ita
785 2512 1041 2570 videatur,
1072 2512 1121 2558 in
1154 2520 1416 2573 potestate
1446 2521 1670 2574 patrum,

107 2587 394 2635 affirmant.
470 2586 521 2634 id
552 2588 708 2635 modo
739 2588 892 2635 simul
922 2594 1076 2636 erant
1106 2605 1166 2636 ac
1197 2598 1426 2646 monent,
1461 2597 1518 2636 ut
1548 2589 1675 2650 ipsis

107 2666 173 2712 ab
214 2663 410 2711 invidia
450 2671 699 2711 caveatur
739 2680 833 2712 nec
875 2671 973 2712 sue
1014 2665 1271 2727 sanguine
1313 2666 1379 2712 ad
1422 2666 1676 2727 supplicia

106 2746 314 2802 patrum
350 2740 554 2802 plebem
591 2740 961 2788 assuefaciant.
1690 2759 1730 2791 25

172 2817 307 2863 Tum
345 2815 587 2864 Valerius
626 2817 985 2879 Horatiusque
1022 2823 1169 2865 missi
1211 2819 1276 2865 ad
1314 2819 1517 2879 plebem
1554 2834 1674 2866 con-

108 2891 402 2940 dicienibus
431 2891 621 2954 quibus
651 2892 916 2941 videretur
947 2895 1295 2942 revocandam
1325 2896 1674 2956 compenend-

107 2975 270 3035 asque
296 2975 397 3027 res,
428 2969 735 3019 decemviris
765 2986 973 3035 quoque
999 2972 1064 3019 ab
1090 2977 1166 3019 ira
1195 2979 1246 3018 et
1277 2971 1471 3034 impetu
1505 2971 1673 3021 multi-
