1956 3242
625 213 923 274 Excerpta
962 209 1179 260 Brevia
1619 227 1682 273 43

118 349 273 403 Afros
309 362 493 415 pacem
529 360 768 416 petentes
805 353 977 401 nullus
1013 351 1239 400 admisit.
1316 350 1427 412 ipse
1463 351 1684 399 Cartha-

117 431 294 494 ginem
315 430 482 486 rediit,
504 430 945 492 offerentibusque
968 430 1239 485 Romanis,
1264 434 1321 475 ut
1340 443 1459 475 eum
1482 427 1684 475 Romae

118 514 370 563 tenerent,
413 507 627 568 negavit
663 514 720 554 se
758 507 806 553 in
845 514 907 553 ea
944 506 1069 553 urbe
1105 513 1428 560 mansurum,
1470 503 1521 550 in
1558 512 1678 565 qua,
1701 521 1740 552 15

119 591 398 645 postquam
446 577 585 630 Afris
634 582 900 639 servierat,
947 581 1261 644 dignitatem
1303 582 1511 628 honesti
1557 580 1684 627 civis

119 661 310 708 habere
357 666 461 707 nen
514 667 710 720 posset.
810 674 1081 720 regressus
1134 657 1295 720 igitur
1342 657 1409 704 ad
1455 650 1685 704 Africam

119 736 359 784 omnibus
396 735 663 797 suppliciis
700 742 992 783 exstinctus
1028 741 1125 782 est.

869 911 934 962 48

189 1043 469 1100 Hannibal,
520 1042 834 1090 Hamilcaris
876 1042 1039 1099 filius,
1088 1041 1560 1104 Carthaginiensis.
1642 1047 1687 1088 si

119 1127 297 1167 verum
326 1127 423 1178 est,
453 1120 594 1182 quod
629 1127 783 1167 nemo
812 1118 1035 1175 dubitat,
1068 1125 1124 1165 ut
1157 1118 1381 1179 populus
1418 1119 1688 1165 Romanus

119 1203 306 1244 omnes
339 1203 527 1258 gentes
563 1195 754 1243 virtute
788 1194 1062 1256 superarit,
1101 1201 1206 1242 non
1243 1202 1324 1241 est
1360 1194 1687 1241 infitiandum

122 1272 472 1320 Hannibalem
520 1279 670 1320 tanto
719 1271 1043 1333 praestitisse
1091 1277 1295 1318 ceteros
1343 1270 1688 1331 imperateres

119 1349 413 1410 prudentia,
454 1355 654 1410 quanto
692 1348 917 1409 populus
960 1347 1233 1395 Romanus
1272 1347 1549 1394 antecedat
1587 1346 1725 1394 for-5

119 1425 340 1472 titudine
365 1432 583 1473 cunctas
610 1424 869 1472 nationes.
929 1439 1050 1471 nam
1075 1422 1544 1485 quotienscumque
1569 1438 1688 1470 cum

119 1509 184 1550 ee
209 1517 526 1565 congressus
551 1508 633 1549 est
658 1500 709 1547 in
738 1495 906 1559 ltalia,
936 1516 1141 1561 semper
1165 1499 1408 1548 discessit
1432 1499 1680 1560 superior.

120 1579 259 1640 quod
308 1577 406 1625 nisi
454 1578 596 1625 domi
643 1576 835 1625 civium
884 1584 1100 1624 suorum
1150 1575 1344 1623 invidia
1385 1575 1689 1624 debilitatus

121 1661 279 1711 esset,
313 1654 584 1702 Romanos
609 1653 816 1701 videtur
841 1660 1089 1715 superare
1114 1652 1365 1714 potuisse.
1442 1652 1534 1700 sed
1561 1652 1689 1699 mul-

121 1738 296 1778 torum
334 1730 649 1778 obtrectatio
684 1730 876 1778 devicit
912 1735 1066 1777 unius
1099 1729 1361 1776 virtutem.
1705 1744 1746 1776 ιο

191 1807 292 1853 Hic
325 1813 501 1854 autem
536 1807 678 1854 velut
713 1806 1004 1855 hereditate
1041 1805 1274 1854 relictum
1312 1805 1488 1854 odium
1521 1813 1690 1869 pater-

123 1899 247 1930 num
273 1891 403 1945 erga
430 1883 702 1931 Remanos
732 1889 807 1931 sic
831 1882 1179 1940 conservavit,
1211 1890 1268 1929 ut
1294 1882 1436 1943 prius
1462 1882 1688 1930 animam

108 1967 280 2021 ‘quam
318 1959 370 2006 id
406 1959 723 2021 deposuerit,
757 1966 846 2021 qui
882 1959 1108 2021 quidem,
1147 1974 1265 2006 cum
1302 1958 1472 2020 patria
1508 1959 1690 2020 pulsus

122 2043 262 2084 esset
302 2043 353 2083 et
391 2036 679 2084 alienarum
716 2050 874 2097 opum
914 2035 1188 2098 indigeret,
1230 2051 1496 2097 nunquam
1533 2035 1691 2083 desti-

123 2112 243 2160 terit
276 2111 454 2160 animo
488 2112 681 2161 bellare
714 2128 832 2161 cum
869 2113 1137 2160 Romanis.
1213 2127 1334 2159 nam
1363 2119 1422 2159 ut
1447 2118 1689 2160 emittam
1706 2126 1746 2159 15

124 2189 438 2250 Philippum,
480 2205 636 2251 quem
672 2191 864 2238 absens
901 2189 1107 2237 hostem
1146 2188 1369 2236 reddidit
1413 2188 1686 2246 Romanis,

123 2266 355 2314 omnium
387 2272 461 2313 eis
491 2265 814 2327 temporibus
848 2265 1244 2327 potentissimus
1278 2272 1369 2313 rex
1401 2265 1690 2313 Antiochus

123 2343 235 2390 fuit.
327 2343 465 2390 hunc
518 2349 671 2391 tanta
716 2343 1001 2405 cupiditate
1057 2342 1284 2391 incendit
1338 2342 1580 2399 bellandi,
1633 2349 1691 2389 ut

124 2430 290 2481 usque
320 2427 352 2466 a
379 2420 559 2468 Rubro
585 2426 716 2467 mari
747 2436 893 2468 arma
921 2427 1146 2468 cenatus
1171 2419 1240 2467 sit
1268 2418 1456 2467 inferre
1488 2413 1684 2466 ltaliae.

124 2496 190 2542 ad
226 2511 381 2557 quem
414 2511 533 2543 cum
570 2496 734 2559 legati
766 2496 1037 2545 venissent
1075 2497 1318 2554 Romani,
1355 2502 1445 2558 qui
1479 2496 1544 2544 de
1577 2495 1688 2544 eius
1705 2513 1745 2545 20

124 2571 395 2619 voluntate
452 2573 785 2633 explorarent
843 2574 1131 2635 darentque
1189 2588 1401 2634 operam
1460 2571 1690 2621 consiliis

123 2648 462 2695 clandestinis
496 2655 553 2695 ut
592 2649 941 2698 Hannibalem
978 2649 1028 2696 in
1063 2649 1415 2711 suspicionem
1453 2655 1566 2712 regi
1601 2650 1690 2696 ad-

123 2723 390 2780 ducerent,
439 2730 708 2786 tamquam
751 2726 817 2772 ab
864 2725 991 2787 ipsis
1038 2733 1341 2788 corruptum
1384 2725 1487 2773 alia
1533 2733 1691 2787 atque

125 2807 282 2848 antea
315 2806 524 2857 sentire,
564 2816 730 2863 neque
763 2801 814 2848 id
846 2802 1042 2850 frustra
1074 2803 1320 2851 fecissent
1356 2802 1511 2864 idque
1546 2803 1690 2848 Han-

127 2876 265 2924 nibal
327 2876 669 2938 comperisset
728 2885 887 2939 seque
946 2881 1012 2926 ab
1071 2879 1401 2927 interioribus
1459 2877 1688 2926 consiliis
1705 2894 1745 2925 25

124 2959 396 3016 segregari
443 2953 676 3012 vidisset,
728 2961 962 3016 ternpore
1013 2956 1139 3003 dato
1187 2956 1314 3003 adiit
1365 2955 1433 3002 ad
1489 2961 1684 3016 regem,
