1956 3242
613 219 911 281 Excerpta
951 219 1167 269 Brevia
1605 235 1672 285 79

103 357 303 407 initium
331 358 461 407 lucis
486 358 682 422 exiguo
706 359 1002 407 discrimine
1034 359 1375 408 internoscas.
1451 361 1592 423 quod
1626 367 1672 408 si

103 437 269 483 nubes
295 442 401 483 non
426 435 671 493 officiant,
698 435 863 498 aspici
887 452 978 497 per
1003 443 1208 484 noctem
1236 436 1362 484 solis
1388 437 1663 499 fulgorem,
1685 453 1741 484 35.

103 527 197 559 nec
222 511 457 559 occidere
482 519 535 559 et
559 527 843 574 exsurgere
868 513 960 560 sed
985 518 1207 560 transire
1232 513 1517 561 affirmant.
1573 520 1669 561 sci-

103 588 221 636 licet
259 595 495 636 extrema
535 595 587 636 et
629 590 787 651 plana
823 596 1079 636 terrarum
1121 589 1302 636 humili
1342 591 1528 637 umbra
1566 606 1668 637 non

102 664 313 726 erigunt
337 667 598 722 tenebras,
623 665 860 728 infraque
884 666 1084 713 eaelum
1105 673 1156 713 et
1182 667 1355 713 sidera
1379 683 1482 714 nox
1508 667 1662 714 cadit.

103 742 289 798 solum,
320 749 526 803 praeter
554 743 724 789 oleam
750 748 1013 804 vitemque
1046 749 1098 790 et
1130 750 1304 790 cetera
1335 743 1669 791 calidioribus

101 823 252 865 terris
289 823 412 865 oriri
448 825 615 876 sueta,
657 818 863 880 patiens
900 819 1129 880 frugum,
1171 819 1476 877 fecundum;
1520 821 1668 868 tarde
1684 836 1726 868 40

102 899 400 951 mitescunt,
441 894 546 942 cito
588 895 918 956 proveniunt,
959 896 1246 958 eademque
1283 902 1555 958 utriusque
1598 903 1670 943 rei

102 986 279 1028 causa,
324 971 520 1019 multus
559 972 746 1019 humor
783 979 1039 1020 terrarum
1077 974 1326 1034 caelique.
1418 973 1516 1020 fert
1561 973 1668 1020 Bri-

101 1047 283 1095 tannia
317 1063 502 1095 aurum
541 1055 593 1095 et
633 1056 911 1111 argentum
947 1056 998 1096 et
1037 1049 1138 1096 alia
1177 1049 1404 1107 metalla,
1445 1049 1668 1110 pretium

102 1124 366 1172 victoriae.
431 1124 606 1187 gignit
631 1133 683 1172 et
709 1131 940 1173 oceanus
965 1132 1270 1188 margarita,
1302 1127 1393 1172 sed
1420 1127 1669 1174 subfusca

101 1217 163 1248 ac
204 1201 431 1249 liventia.
514 1202 727 1263 quidam
766 1209 931 1249 artem
970 1203 1155 1249 abesse
1197 1202 1492 1264 legentibus
1535 1203 1668 1250 arbi·
1683 1217 1724 1248 45

101 1284 333 1335 trantur3
376 1294 496 1325 narn
534 1278 585 1324 in
618 1278 797 1326 Rubro
827 1284 958 1326 mari
992 1285 1112 1326 viva
1145 1295 1205 1326 ac
1236 1280 1489 1340 spirantia
1525 1286 1668 1327 saxis

101 1354 270 1411 avelli,
300 1353 351 1400 in
386 1354 674 1413 Britannia,
709 1363 863 1416 prout
896 1356 1115 1416 expulsa
1148 1356 1269 1414 sint,
1299 1356 1490 1418 colligi.
1567 1372 1669 1418 ego

101 1429 303 1477 facilius
339 1429 646 1477 crediderim
680 1438 921 1478 naturam
957 1437 1257 1493 margarItis
1294 1432 1477 1479 deesse
1510 1448 1668 1494 quarn

101 1508 254 1554 nobis
291 1506 582 1554 avaritiam.
672 1506 771 1568 ipsi
810 1507 1044 1555 Britanni
1080 1508 1337 1555 delectum
1377 1525 1437 1555 ac
1473 1509 1670 1556 tributa

101 1590 152 1630 et
179 1582 411 1631 iniuncta
434 1582 637 1645 imperii
663 1594 880 1631 munera
899 1584 1122 1646 impigre
1147 1586 1357 1642 obeunt,
1383 1591 1426 1632 si
1453 1585 1668 1633 iniuriae
1684 1604 1726 1635 50

101 1659 302 1717 absint3
351 1660 449 1707 has
487 1666 646 1721 aegre
684 1649 926 1718 tolerant,
969 1660 1071 1708 iam
1110 1661 1294 1708 domiti
1333 1670 1389 1709 ut
1427 1670 1663 1723 pareant,

101 1736 335 1783 nondum
361 1743 419 1783 ut
444 1735 691 1783 serviant,
767 1736 928 1799 igitur
952 1743 1150 1798 primus
1181 1738 1411 1785 omnium
1441 1739 1669 1786 Roman-

101 1818 251 1859 orum
287 1813 439 1859 divus
484 1812 645 1859 Iulius
681 1829 800 1860 cum
837 1814 1066 1862 exercitu
1105 1814 1426 1862 Britanniam
1470 1816 1669 1877 ingres-

103 1904 210 1945 sus,
248 1904 567 1950 quamquam
603 1895 852 1950 prospere
889 1891 1127 1938 terruerit
1163 1891 1378 1949 incolas,
1420 1908 1481 1939 ac
1519 1893 1668 1940 litore

101 1971 301 2026 potitus
349 1964 434 2022 sit,
486 1972 661 2026 potest
707 1965 872 2013 videri
923 1967 1217 2014 ostendisse
1268 1975 1510 2029 posteris,
1563 1976 1666 2017 non
1683 1989 1723 2020 55

101 2041 397 2088 tradidisse.
495 2057 618 2089 mox
661 2042 797 2089 bella
837 2043 1024 2101 civilia,
1071 2051 1121 2090 et
1164 2044 1213 2090 in
1258 2061 1364 2092 rem
1408 2045 1667 2106 publicam

102 2133 256 2165 versa
297 2117 589 2179 principum
628 2134 791 2176 arma,
835 2135 898 2167 ac
939 2120 1099 2182 longa
1138 2122 1331 2169 oblivio
1372 2122 1669 2170 Britanniae

102 2194 260 2242 etiam
297 2194 348 2241 in
384 2203 527 2256 pace.

853 2318 919 2369 66

172 2425 453 2474 Interfecto
493 2426 652 2475 Didio
696 2428 898 2477 Iuliano
942 2430 1167 2478 Severus
1205 2425 1381 2479 Africa
1419 2431 1668 2479 oriundus

104 2502 376 2564 imperium
419 2504 660 2565 optinuit.
757 2513 841 2554 cui
881 2507 1067 2555 civitas
1112 2508 1278 2570 Lepti,
1325 2516 1474 2570 pater
1514 2509 1663 2566 Geta,

104 2578 329 2627 maiores
385 2581 587 2642 equites
650 2582 874 2630 Romani
928 2592 1049 2632 ante
1103 2586 1370 2633 civitatem
1426 2586 1668 2634 omnibus

104 2655 300 2702 datam.
376 2656 427 2703 in
461 2663 628 2718 prima
660 2659 898 2720 pueritia,
936 2660 1240 2723 priusquam
1278 2663 1476 2710 Latinis
1511 2662 1669 2710 Grae-

103 2737 281 2794 cisque
318 2733 502 2781 litteris
539 2734 873 2793 imbueretur,
907 2737 1096 2799 quibus
1130 2738 1514 2785 eruditissimus
1551 2739 1663 2796 fuit,
1685 2760 1704 2790 5

104 2809 302 2856 nullum
350 2810 509 2857 alium
558 2810 691 2858 inter
737 2806 945 2873 pueros'
975 2815 1154 2861 ludum
1203 2815 1301 2862 nisi
1349 2816 1415 2862 ad
1472 2815 1668 2862 iudices

104 2886 350 2944 exercuit,
398 2903 516 2934 cum
566 2887 676 2949 ipse
725 2890 971 2950 praelatis
1019 2891 1249 2938 fascibus
1292 2907 1353 2939 ac
1401 2891 1668 2939 securibus

103 2963 284 3012 ordine
321 2972 602 3026 puerorum
642 2965 1014 3014 circumstante
1053 2969 1259 3015 sederet
1298 2985 1358 3016 ac
1398 2968 1662 3016 iudicaret.
