1956 3242
294 210 362 272 76
813 206 1117 269 Excerpta
1157 204 1377 256 Brevia

295 349 521 413 agendis
554 350 712 397 rebus
749 349 852 396 hoc
883 347 1372 411 auspicatissimum
1406 347 1612 396 initium
1644 349 1883 398 credunt.

296 444 392 476 nec
427 427 631 476 dierum
670 442 966 485 numerum,
1008 434 1067 475 ut
1104 433 1224 485 nos,
1266 427 1359 475 sed
1400 426 1633 476 noctium
1673 443 1890 490 compu-

295 512 427 554 tant.
522 511 598 554 sic
639 504 992 563 constituunt,
1037 510 1113 553 sic
1154 505 1457 553 condicunt.
1551 521 1658 554 nox
1700 506 1890 554 ducere

238 599 279 630 25
295 584 435 631 diem
473 582 698 632 videtur.
789 582 915 630 illud
958 599 1024 631 ex
1066 582 1311 631 libertate
1350 582 1555 642 vitium,
1598 583 1741 646 quod
1784 590 1890 631 non

295 662 451 710 simul
486 677 582 709 nec
615 668 673 708 ut
706 660 837 709 iussi
869 660 1207 720 conveniunt,
1239 661 1333 709 sed
1366 667 1419 709 et
1452 660 1585 710 alter
1617 668 1670 709 et
1702 660 1898 710 tertius

251 773 254 775 -
294 739 408 788 dies
462 738 806 788 cunctatione
859 739 1166 788 coeuntium
1214 739 1527 788 absumitur.
1627 746 1686 788 ut
1733 741 1892 787 turba
1949 752 1952 755 ’

294 817 510 880 placuit,
540 817 826 865 considunt
851 824 1059 866 armati,
1137 817 1405 866 silentium
1439 833 1532 880 per
1557 818 1884 876 sacerdotes,

294 895 487 958 quibus
530 902 645 942 tum
687 902 740 943 et
781 896 1059 944 coercendi
1101 895 1183 944 ius
1225 902 1324 953 est,
1369 895 1701 958 imperatur.-
1765 911 1890 943 mox
1925 938 1929 940 .

238 989 279 1021 3ο
296 981 388 1022 rex
413 973 496 1022 vel
530 979 791 1035 princeps,
823 981 981 1036 prout
1012 980 1162 1022 aetas
1192 980 1398 1036 cuique,
1429 979 1588 1035 prout
1617 963 1884 1030 nobilitas,

294 1058 451 1114 prout
485 1051 648 1100 decus
681 1052 959 1110 bellorum,
991 1059 1148 1114 prout
1179 1051 1427 1100 facundia
1452 1058 1551 1109 est,
1582 1050 1884 1110 audiuntur,

295 1129 615 1178 auctoritate
648 1129 909 1178 suadendi
945 1129 1121 1193 magis
1155 1146 1315 1192 quarn
1350 1128 1564 1178 iubendi
1599 1134 1883 1191 potestate.

295 1213 340 1255 si
372 1207 641 1270 displicuit
675 1206 956 1264 sententia,
995 1207 1207 1255 fremitu
1242 1213 1623 1270 aspernantur;
1666 1205 1748 1254 sin
1781 1205 1891 1268 pla-

294 1288 419 1347 cuit,
458 1289 689 1337 frameas
724 1288 1050 1337 concutiunt.
1127 1287 1600 1337 honoratissimum
1634 1294 1890 1336 assensus

238 1386 279 1417 35
295 1382 467 1430 genus
493 1374 575 1415 est
600 1366 761 1414 armis
787 1366 1021 1415 laudare.
1096 1366 1222 1414 nihil
1249 1373 1427 1414 autem
1454 1382 1623 1428 neque
1648 1365 1890 1428 publicae

295 1460 465 1507 neque
513 1451 753 1509 privatae
802 1451 876 1493 rei
923 1444 1022 1492 nisi
1072 1450 1265 1492 armati
1313 1451 1498 1508 agunt.
1599 1444 1693 1492 sed
1741 1459 1891 1492 arma

295 1533 504 1571 sumere
568 1529 674 1570 non
740 1529 863 1571 ante
928 1529 1177 1585 cuiquam
1244 1521 1408 1570 moris
1474 1538 1634 1585 quam
1699 1511 1889 1570 civitas
1941 1511 1950 1515 Α

295 1600 639 1649 suffecturum
690 1599 1009 1662 probaverit.
1103 1606 1215 1647 tum
1266 1599 1317 1647 in
1366 1599 1485 1662 ipso
1533 1599 1758 1648 concilio
1806 1599 1888 1647 vel

295 1677 590 1741 principum
639 1677 830 1741 aliquis
877 1678 960 1727 vel
1017 1685 1169 1740 pater
1215 1678 1296 1726 vel
1351 1677 1679 1741 propinquus
1732 1684 1888 1726 scuto

238 1773 279 1805 40
296 1756 603 1819 frameaque
642 1755 886 1804 iuvenem
924 1763 1132 1804 ornant.
1224 1756 1354 1804 haec
1393 1757 1534 1818 apud
1577 1755 1697 1805 illos
1736 1762 1884 1819 toga,

296 1834 380 1883 hic
421 1840 623 1896 primus
672 1833 919 1882 iuventae
962 1834 1163 1892 honos;
1220 1841 1344 1883 ante
1386 1833 1490 1883 hoc
1531 1834 1722 1883 domus
1765 1849 1889 1896 pars

295 1911 557 1969 videntur,
600 1927 723 1959 mox
762 1911 1095 1974 reipublicae.

364 1990 554 2039 Nullas
597 1990 986 2038 Germanorum
1029 1990 1240 2052 populis
1283 1991 1442 2039 urbes
1485 1989 1715 2039 habitari
1755 1989 1888 2038 satis

296 2075 482 2117 notum
522 2075 632 2116 est:
685 2075 750 2116 ne
790 2074 902 2130 pati
940 2067 1153 2130 quidem
1193 2068 1422 2117 interse
1461 2067 1670 2116 iunctas
1710 2068 1881 2117 sedes.

240 2165 280 2196 45
296 2147 478 2195 colunt
525 2146 744 2194 discreti
791 2162 854 2194 ac
898 2146 1110 2204 diversi,
1158 2154 1217 2194 ut
1258 2146 1396 2204 fons,
1443 2154 1502 2194 ut
1543 2161 1783 2208 campus,
1830 2153 1889 2193 ut

296 2240 484 2272 nemus
517 2224 732 2287 placuit.
809 2231 959 2273 vicos
994 2225 1171 2273 locant
1204 2232 1311 2273 non
1339 2224 1390 2272 in
1416 2231 1658 2272 nostrum
1684 2231 1887 2273 morem

296 2308 550 2351 connexis
593 2309 646 2350 et
688 2302 1095 2351 cohaerentibus
1138 2302 1416 2351 aedificiis:
1469 2318 1622 2351 suam
1665 2302 1889 2366 quisque

296 2381 513 2429 domum
551 2379 728 2442 spatio
765 2379 1074 2439 circumdat,
1110 2387 1222 2429 sive
1258 2381 1515 2429 adversus
1552 2388 1712 2430 casus
1748 2379 1889 2444 ignis

298 2457 604 2517 remedium,
646 2464 758 2506 sive
794 2458 1004 2507 inscItia
1040 2458 1369 2507 aedificandi.

242 2556 282 2587 50
366 2537 598 2600 Plusque
635 2536 703 2584 ibi
747 2538 873 2585 boni
910 2544 1085 2585 moras
1122 2537 1317 2595 valent,
1359 2553 1518 2600 quam
1558 2536 1682 2585 alibi
1717 2538 1889 2585 bonae

297 2615 462 2679 leges.

1062 2724 1127 2776 64

365 2849 446 2896 Tu
486 2855 615 2897 vero
658 2847 799 2906 felix,
843 2846 1111 2910 Agricola,
1157 2854 1262 2896 non
1305 2854 1446 2895 vitae
1489 2853 1696 2895 tanturn
1739 2845 1888 2910 clari7

298 2933 426 2984 tate,
466 2926 560 2973 sed
594 2925 754 2973 etiam
788 2925 1186 2988 opportunitate
1220 2925 1421 2973 mortis:
1499 2933 1557 2973 ut
1591 2924 1883 2986 perhibent,

299 3010 389 3066 qui
414 3003 765 3052 interfuerunt
791 3002 1094 3052 novissimis
1121 3003 1454 3052 sermonibus
1481 3009 1604 3060 tuis,
1634 3010 1888 3068 constans
1945 3007 1950 3010 ’
