1956 3242
601 211 899 273 Excerpta
937 207 1154 258 Brevia

292 370 476 413 vocem
513 361 734 425 quisque
770 366 853 408 sui
887 357 1029 407 venit
1064 357 1292 406 citatus?

292 441 394 489 hoc
431 439 697 502 quondam
738 436 892 499 Libys
929 434 1118 497 impius
1155 433 1433 495 profundo,

293 518 417 565 dum
454 515 703 578 praedam
738 514 943 562 calamo
978 518 1232 560 tremente
1267 510 1428 568 ducit,

295 600 458 655 raptis
493 591 776 640 luminibus
813 596 1023 651 repente
1058 603 1246 636 caecus

293 678 507 733 captum
544 676 650 717 non
687 666 858 729 potuit
894 665 1071 714 videre
1106 664 1321 726 piscem,

295 754 347 794 et
382 761 520 793 nune
556 744 846 806 sacrilegos
882 749 1101 804 perosus
1138 741 1324 788 hamos

297 823 531 871 Baianos
567 822 715 869 sedet
751 820 818 867 ad
855 820 1000 867 lacus
1038 825 1269 880 rogator.

296 908 351 948 at
385 907 462 957 tu,
503 899 627 946 dum
664 904 832 959 potes,
874 896 1124 943 innocens
1161 893 1347 942 recede

296 976 447 1024 iactis
483 973 805 1036 simplicibus
840 973 970 1020 cibis
1007 972 1058 1018 in
1094 971 1283 1028 undas,

296 1059 348 1101 et
383 1052 555 1114 pisces
590 1058 839 1099 venerare
874 1049 1149 1097 delicatos.

868 1204 901 1254 6

300 1329 584 1386 Hesterno,
627 1325 807 1384 Licini,
847 1324 931 1372 die
966 1324 1125 1373 otiosi

298 1406 521 1453 multum
557 1403 777 1452 lusimus
814 1402 864 1449 in
902 1407 1031 1448 meis
1068 1400 1290 1459 tabellis,

297 1490 356 1530 ut
390 1487 706 1531 convenerat
742 1495 859 1528 esse
895 1478 1166 1526 delicatos.

299 1561 533 1608 scribens
568 1557 855 1606 versiculos
892 1563 1110 1616 uterque
1147 1560 1384 1601 nostrum

299 1637 512 1684 ludebat
548 1640 766 1682 numero
802 1633 959 1680 modo
995 1632 1097 1679 hoc
1133 1631 1290 1678 modo
1327 1630 1431 1686 illo,

299 1713 524 1761 reddens
561 1718 745 1759 mutua
780 1725 872 1771 per
907 1709 1080 1755 iocum
1118 1714 1277 1769 atque
1313 1713 1507 1754 vinum.

299 1797 458 1851 atque
494 1787 632 1836 illinc
668 1786 771 1835 abii
806 1792 899 1833 tuo
935 1786 1112 1846 lepore

299 1866 562 1923 incensus,
606 1864 783 1921 Licini,
825 1861 1149 1922 facetiisque,

299 1949 358 1990 ut
394 1958 490 1989 nec
526 1948 610 1989 me
647 1940 891 1987 miserum
930 1938 1077 1985 cibus
1114 1937 1333 1992 iuvaret,

300 2034 395 2066 nec
431 2033 650 2066 somnus
685 2022 889 2078 tegeret
925 2014 1102 2076 quiete
1139 2013 1350 2070 ocellos,

303 2096 396 2143 sed
432 2101 552 2142 t6to
589 2092 874 2141 indomitus
911 2091 1085 2138 furore
1122 2090 1257 2136 lecto

302 2179 541 2221 versarer
575 2170 790 2232 cupiens
827 2168 1002 2215 videre
1039 2168 1224 2222 lucem,

301 2256 359 2296 ut
395 2255 570 2296 tecum
607 2247 861 2308 loquerer,
903 2244 1161 2306 simulque
1198 2249 1255 2290 ut
1291 2258 1478 2290 essem.

302 2333 358 2374 at
394 2324 604 2373 defessa
639 2324 819 2371 labore
856 2322 1090 2369 membra
1125 2327 1406 2381 postquam

304 2401 647 2450 semimortua
682 2399 874 2447 lectulo
910 2398 1167 2454 iacebant,

301 2479 419 2537 hoc,
459 2477 699 2534 iucunde,
739 2476 834 2523 tibi
869 2481 1058 2536 poema
1093 2473 1209 2530 feci,

303 2570 369 2603 ex
404 2560 511 2617 quo
548 2551 870 2615 perspiceres
908 2566 1078 2598 meum
1116 2549 1368 2597 dolorem.

304 2646 443 2678 nunc
478 2630 654 2677 audax
690 2644 819 2676 cave
859 2633 948 2683 sis,
989 2633 1275 2688 precesque
1312 2633 1539 2682 nostras,

304 2714 538 2764 oramus,
578 2721 705 2753 cave
740 2704 987 2765 despuas,
1028 2703 1205 2760 ocelle,

305 2791 370 2833 ne
405 2790 603 2847 poenas
642 2780 882 2829 Nemesis
920 2786 1163 2842 reposcat
1198 2786 1231 2826 a
1265 2785 1331 2826 te.

306 2869 388 2910 est
424 2866 642 2909 vemens
677 2859 802 2905 dea:
842 2858 1044 2905 laedere
1081 2857 1215 2903 hanc
1250 2861 1451 2902 caveffi.

1678 597 1720 631 10

1677 981 1718 1014 15

1685 2028 1726 2060 10

1686 2413 1726 2444 15

1687 2794 1730 2827 20
