1956 3242
268 207 333 243 22
788 191 1091 254 Excerpta
1132 189 1351 240 Brevia

268 337 336 383 ab
374 334 711 392 consulibus3
761 341 971 382 ceteres
1009 340 1182 382 metus
1220 341 1328 382 nen
1365 333 1514 383 curia
1548 334 1724 393 mod0,
1767 335 1862 383 sed

268 413 427 461 etiam
477 413 594 462 fore
648 414 880 470 arcebat,
935 428 1031 460 nec
1083 418 1174 474 agi
1226 411 1511 475 quicquam
1563 427 1656 474 per
1707 412 1862 461 infre-

267 490 538 553 quentiam
587 498 798 553 poterat
847 498 1084 538 senatus.
1174 496 1289 537 tum
1337 497 1465 538 vere
1513 490 1654 539 eludi
1701 498 1862 553 atque

268 568 476 616 extrahi
507 575 564 617 se
595 568 882 616 multitudo
912 575 1117 630 putare,
1148 574 1201 615 et
1232 574 1444 630 patrum
1469 574 1560 631 qui
1590 570 1857 627 abessent,

212 665 253 697 5ο
269 653 375 694 nen
424 654 573 705 casu,
626 653 732 695 nen
789 654 951 704 metu,
1006 646 1099 694 sed
1153 645 1519 709 impediendae
1573 653 1646 695 rei
1698 655 1863 696 cause

268 725 474 781 abesse,
528 731 581 772 et
629 724 879 772 consules
936 724 1083 787 ipses
1139 724 1498 788 tergiversari,
1553 741 1648 773 nec
1703 724 1862 773 dubie

268 801 494 850 ludibrio
530 818 648 850 esse
686 801 927 851 miserias
964 810 1106 851 suas.
1185 801 1290 850 iam
1327 818 1491 865 prope
1528 810 1658 860 erat,
1703 810 1759 851 ut
1797 809 1862 851 ne

267 880 545 927 consulum
579 879 792 942 quidem
827 879 1082 929 maiestas
1119 888 1386 929 coerceret
1421 886 1528 929 iras
1567 880 1857 938 hominum,

267 973 387 1004 cum
422 955 606 1005 incerti
644 959 904 1006 morando
938 973 1006 1005 an
1040 957 1301 1006 veniendo
1337 959 1456 1020 plus
1490 958 1704 1020 periculi
1738 973 1863 1006 con-

212 1050 251 1081 55
268 1034 554 1092 traherent,
586 1035 802 1083 tandem
832 1034 884 1083 in
911 1042 1158 1085 senatum
1185 1035 1417 1083 veniunt.
1495 1035 1862 1099 frequentique

269 1113 480 1160 tandem
522 1112 685 1171 curia,
728 1120 835 1162 nen
876 1114 1036 1162 modo
1076 1113 1212 1161 inter
1250 1120 1447 1175 patres,
1490 1113 1583 1161 sed
1624 1120 1689 1162 ne
1728 1113 1864 1162 inter

269 1190 518 1238 consules
561 1189 774 1253 quidem
818 1191 968 1253 ipses
1011 1191 1144 1239 satis
1186 1191 1552 1240 conveniebat.
1636 1191 1858 1254 Appius,

268 1268 596 1317 vehementis
631 1267 830 1332 ingenii
863 1268 958 1328 vir,
998 1268 1219 1331 imperio
1252 1269 1521 1317 consulari
1557 1285 1667 1318 rem
1700 1285 1864 1332 agen-

269 1347 393 1394 dam
442 1348 722 1395 censebat:
783 1354 893 1395 une
942 1354 1035 1395 aut
1082 1347 1252 1395 altere
1301 1354 1531 1408 arrepto,
1584 1346 1862 1410 quieturos

213 1423 430 1481 6oali68;
482 1424 755 1484 Servilius,
797 1424 1003 1472 lenibus
1044 1424 1287 1474 remediis
1327 1424 1517 1487 aptior,
1561 1424 1863 1473 concitates

270 1502 477 1550 animes
515 1503 653 1550 flecti
688 1518 850 1565 quam
887 1501 1062 1565 frangi
1100 1504 1327 1564 putabat
1363 1518 1483 1550 cum
1521 1501 1706 1561 tutius,
1748 1509 1863 1550 tum

270 1579 476 1628 facilius
513 1596 647 1628 esse.

336 1657 519 1706 Timor
558 1657 678 1706 inde
718 1664 898 1720 patres
938 1657 1171 1715 incessit,
1214 1664 1297 1716 ne,
1340 1663 1386 1706 si
1424 1657 1678 1706 dimissus
1717 1673 1864 1706 exer-

270 1735 406 1784 citus
455 1736 608 1795 foret,
656 1747 838 1784 rursus
886 1743 1072 1784 coetus
1121 1735 1315 1784 occulti
1361 1735 1864 1798 coniurationesque

215 1828 255 1861 σ5
273 1813 471 1869 fierent,
555 1813 735 1877 itaque
777 1829 1101 1877 quamquam
1149 1829 1241 1875 per
1279 1813 1596 1862 dictatorem
1639 1813 1864 1862 dilectus

272 1891 486 1939 habitus
535 1899 694 1950 esset,
742 1898 939 1950 tamen,
986 1890 1238 1955 quoniam
1282 1890 1334 1938 in
1382 1891 1661 1939 consulum
1703 1893 1866 1939 verba

274 1969 519 2028 iurasset,
551 1976 889 2018 sacramente
918 1975 1087 2018 teneri
1120 1968 1339 2016 militem
1375 1975 1492 2027 rati,
1524 1985 1618 2031 per
1646 1985 1864 2018 causam

274 2053 514 2095 renovati
565 2049 633 2095 ab
686 2047 885 2110 Aequis
938 2047 1060 2095 belli
1115 2047 1270 2095 educi
1322 2062 1388 2095 ex
1441 2048 1570 2095 urbe
1622 2046 1864 2110 legienes

274 2124 490 2174 iussere.
568 2132 675 2188 que
711 2126 856 2174 facte
894 2131 1164 2173 maturata
1200 2131 1282 2173 est
1320 2123 1528 2173 seditio.
1606 2132 1658 2173 et
1694 2131 1866 2186 primo

218 2216 259 2250 το
275 2201 540 2264 agitatum
577 2202 769 2250 dicitur
805 2202 871 2250 de
907 2202 1186 2250 consulum
1224 2202 1403 2260 caede,
1442 2208 1500 2248 ut
1537 2201 1866 2249 solverentur

276 2286 642 2336 sacrament63
697 2279 889 2327 doctos
938 2278 1143 2337 deinde,
1197 2278 1396 2326 nullam
1445 2278 1641 2327 scelere
1691 2278 1866 2342 religi-

276 2363 432 2404 onem
470 2357 691 2414 exsolvi,
735 2355 932 2404 Sicinie
967 2356 1202 2418 quodam
1243 2362 1459 2404 auctore
1499 2355 1703 2404 iniussu
1742 2363 1866 2405 cen-

277 2435 448 2481 sulum
477 2433 527 2481 in
556 2435 776 2482 Sacrum
799 2441 1033 2481 montem
1054 2432 1362 2481 secessisse.
1419 2431 1588 2497 (trans
1609 2434 1866 2483 Anienem

277 2528 486 2559 amnem
529 2519 627 2569 est,
675 2511 777 2558 tria
824 2513 891 2559 ab
934 2512 1062 2559 urbe
1112 2510 1256 2559 milia
1302 2527 1574 2573 passuum.
1658 2528 1722 2560 ea
1768 2512 1866 2561 fre-

221 2603 260 2639 75
277 2588 521 2651 quentior
560 2589 703 2636 sema
741 2595 824 2636 est
862 2604 1040 2650 quam,
1084 2587 1234 2636 cuius
1278 2589 1405 2637 Piso
1448 2596 1634 2638 auctor
1672 2597 1770 2648 est,
1813 2589 1865 2637 in

277 2666 596 2714 Aventinum
637 2665 991 2714 secessionem
1033 2665 1229 2714 factam
1268 2664 1430 2730 esse.)
1501 2666 1571 2715 ibi
1611 2666 1723 2715 sine
1759 2666 1867 2715 tillo

277 2744 410 2792 duce
447 2744 587 2792 vallo
624 2744 875 2806 fossaque
911 2749 1251 2792 communitis
1287 2750 1495 2803 castris,
1533 2743 1714 2807 quieti,
1756 2759 1866 2792 rem

279 2822 475 2869 nnllam
524 2820 623 2869 nisi
677 2820 1031 2869 necessariam
1079 2821 1146 2868 ad
1195 2820 1393 2869 victum
1444 2821 1721 2880 sumendo,
1774 2837 1868 2883 per

278 2899 480 2963 aliquot
521 2899 637 2947 dies
681 2915 849 2962 neque
897 2899 1129 2946 lacessiti
1172 2914 1340 2961 neque
1382 2899 1704 2947 lacessentes
1747 2905 1866 2948 sese

222 2995 264 3027 so
280 2985 511 3026 tenuere.
588 2993 754 3039 pavor
784 2976 974 3040 ingens
1005 2976 1056 3023 in
1085 2977 1230 3035 urbe,
1260 2984 1509 3039 metuque
1535 2982 1721 3025 mutuo
1751 2992 1865 3025 sus-
