1956 3242
617 218 916 278 Excerpta
955 216 1171 266 Brevia
1612 234 1674 282 27

109 366 245 408 sicut
280 375 406 422 aper
441 359 600 422 longe
638 359 782 407 silvis
821 357 1168 407 Laurentibus
1204 365 1356 407 actus

174 435 424 484 fulmineo
460 436 654 484 celeres
689 435 912 497 dissipat
948 442 1039 483 ore
1075 442 1251 492 canes,

109 528 232 560 mox
267 519 443 560 tamen
480 511 591 573 ipse
627 511 776 573 perit,
818 518 894 559 sic
929 518 1035 559 non
1073 511 1366 559 moriuntur
1401 510 1567 570 inulti,
1689 525 1730 557 35

174 589 490 649 volneraque
525 588 727 636 alterna
761 588 992 650 dantque
1027 587 1302 650 feruntque
1339 599 1513 636 manu.

109 675 213 711 una
247 663 359 712 dies
398 663 593 712 Fabios
629 664 696 711 ad
732 664 923 711 bellum
961 670 1174 711 miserat
1209 671 1423 712 omnes:

174 740 241 788 ad
276 741 468 788 bellum
506 747 699 788 missos
736 739 959 802 perdidit
995 750 1101 787 Una
1135 739 1264 788 dies.

109 824 166 864 ut
200 823 376 865 tamen
415 817 705 865 Herculeae
742 822 1077 878 superessent
1112 816 1315 864 semina
1348 817 1540 880 gentis,

173 893 418 942 credibile
453 900 535 941 est
571 892 715 955 ipsos
751 892 1081 941 consuluisse
1116 893 1260 941 deos.
1689 908 1732 939 ιο

109 985 229 1017 nam
265 985 394 1031 puer
428 969 667 1031 impubes
704 976 756 1017 et
792 969 963 1017 adhuc
999 976 1105 1017 non
1142 969 1283 1017 utilis
1319 976 1478 1017 armis

175 1057 310 1093 unus
347 1046 412 1094 de
451 1045 617 1094 Fabia
650 1053 810 1109 gente
846 1045 1055 1094 relictus
1092 1053 1230 1094 erat:

110 1122 306 1171 scilicet
341 1130 400 1171 ut
435 1130 621 1185 posses
657 1122 781 1172 olim
817 1130 891 1180 tu,
935 1122 1183 1179 Maxime,
1226 1129 1388 1179 nasci,

174 1206 259 1248 cui
295 1206 379 1248 res
414 1199 712 1248 cunctando
750 1198 1073 1248 restituenda
1107 1199 1257 1247 foret.

859 1389 928 1439 40

175 1514 271 1562 Vis
305 1515 619 1563 Sabinorum
656 1513 845 1576 ingens
881 1528 1044 1574 prope
1079 1513 1147 1561 ad
1184 1513 1388 1561 moenia
1422 1512 1565 1561 urbis
1602 1520 1676 1560 in-

108 1590 247 1639 festa
279 1590 618 1653 populatione
649 1590 819 1647 venit;
858 1590 1056 1638 foedati
1088 1596 1219 1652 agri,
1258 1597 1424 1637 terror
1456 1589 1677 1637 iniectus

108 1669 224 1715 urbi
247 1675 343 1716 est.
413 1674 524 1715 tum
550 1667 699 1729 plebs
723 1668 950 1729 benigne
975 1682 1122 1714 arma
1145 1666 1311 1728 cepit;
1352 1665 1677 1715 reclamanti-

108 1745 206 1791 bus
250 1743 452 1793 ·frustra
496 1744 720 1793 tribunis
768 1750 950 1806 magni
1004 1744 1110 1791 duo
1161 1742 1421 1791 exercitus
1477 1748 1671 1804 scripti.

110 1821 330 1867 alterum
361 1819 589 1868 Nautius
618 1827 804 1868 contra
837 1820 1063 1868 Sabinos
1093 1819 1258 1877 duxit,
1289 1825 1581 1881 castrisque
1611 1818 1714 1867 ad5

113 1890 329 1944 Eretum
364 1895 568 1957 positis,
602 1911 694 1957 per
726 1895 1089 1957 expeditiones
1123 1904 1331 1957 parvas,
1370 1895 1679 1957 plerumque

111 1979 379 2021 nocturnis
409 1971 810 2030 incursionibus,
841 1979 1044 2020 tantam
1070 1972 1373 2020 vastitatem
1400 1971 1449 2018 in
1483 1972 1679 2020 Sabino

111 2056 244 2112 agro
271 2047 494 2096 reddidit
519 2055 576 2096 ut
600 2055 892 2110 comparati
917 2048 984 2096 ad
1009 2064 1125 2096 eam
1150 2064 1311 2110 prope
1336 2047 1519 2096 intacti
1543 2047 1679 2095 bello

111 2126 251 2173 fines
301 2126 529 2174 Romani
569 2124 883 2174 viderentur.
975 2124 1208 2173 Minucio
1258 2140 1424 2187 neque
1469 2124 1680 2173 fortuna

112 2218 205 2249 nec
241 2208 321 2249 vis
357 2201 518 2249 animi
553 2202 735 2250 eadem
772 2201 823 2248 in
860 2201 1093 2264 gerendo
1129 2201 1348 2264 negotio
1383 2200 1506 2258 fuit;
1556 2216 1677 2247 nam
1694 2217 1734 2250 10

112 2294 231 2327 cum
274 2278 414 2326 haud
456 2278 637 2340 procul
684 2279 751 2326 ab
798 2278 951 2326 hoste
993 2285 1169 2326 castra
1209 2277 1491 2339 posuisset,
1538 2278 1680 2324 nnlla

113 2364 434 2418 magnopere
474 2355 624 2404 clade
665 2362 900 2417 accepta,
943 2361 1132 2403 castris
1175 2362 1231 2402 se
1274 2354 1496 2415 pavidus
1537 2360 1679 2402 tene-

112 2433 218 2479 bat.
307 2432 448 2493 quod
495 2432 583 2479 ubi
631 2439 912 2480 senserunt
960 2432 1160 2488 hostes,
1214 2431 1377 2479 crevit
1424 2447 1489 2479 ex
1537 2438 1678 2478 metu

114 2507 305 2565 alieno,
343 2515 402 2555 ut
436 2508 510 2566 fit,
549 2508 786 2566 audacia,
824 2515 876 2556 et
912 2515 1064 2556 nocte
1100 2508 1271 2555 adorti
1306 2514 1498 2565 castra,
1536 2514 1680 2568 post-

114 2600 271 2645 quam
305 2599 488 2645 parum
522 2591 601 2632 vis
638 2592 820 2647 aperta
855 2584 1166 2646 profecerat,
1205 2584 1523 2632 munitiones
1560 2600 1679 2645 pos·
1695 2600 1735 2633 15

114 2667 227 2708 tero
256 2660 340 2708 die
370 2660 710 2709 circumdant.
786 2677 921 2723 quae
950 2661 1254 2723 priusquam
1285 2661 1513 2722 undique
1539 2661 1679 2708 vallo

115 2736 349 2785 obiectae
400 2738 700 2785 clauderent
757 2738 946 2795 exitus,
1004 2744 1231 2799 quinque
1284 2737 1486 2799 equites
1549 2737 1682 2784 inter

117 2813 375 2862 stationes
405 2814 635 2861 hostium
661 2820 839 2862 emissi
871 2815 1096 2862 Romam
1127 2815 1384 2875 pertulere
1410 2814 1680 2861 consulem

117 2890 503 2952 exercitumque
548 2889 794 2938 obsideri.
883 2890 1007 2938 nihil
1054 2898 1163 2938 tam
1212 2890 1538 2951 inopinatum
1587 2905 1681 2937 nec

118 2975 227 3014 tam
251 2973 574 3029 insperatum
594 2966 827 3015 accidere
851 2967 1037 3029 potuit.
1091 2967 1267 3028 itaque
1291 2974 1470 3014 tantus
1496 2982 1675 3028 pavor,
1697 2983 1738 3015 20
