1956 3242
265 195 332 255 64
786 190 1090 252 Excerpta
1130 188 1350 240 Brevia

267 333 450 396 pridie,
486 334 554 381 ab
587 339 784 382 nostris
820 333 1097 382 resistitur.
1174 333 1277 381 hoc
1307 332 1445 381 idem
1477 332 1688 396 reliquis
1717 333 1862 382 dein-

267 428 392 474 ceps
441 411 500 459 fit
546 411 750 460 diebus.
828 412 971 459 nulla
1023 427 1147 474 pars
1201 417 1446 459 nocturni
1491 411 1746 473 temporis
1794 412 1862 460 ad

211 505 253 536 40
269 490 503 538 laborem
553 490 917 538 intermittitur
930 505 942 547 ;
1005 484 1109 537 non
1166 495 1361 552 aegris,
1414 496 1521 537 non
1574 489 1863 538 volneratis

268 568 496 616 facultas
529 567 723 629 quietis
754 568 925 615 datur.
1003 583 1370 630 quaecumque
1403 567 1471 615 ad
1501 567 1728 629 proximi
1760 567 1865 616 diei

269 645 726 708 oppugnationem
743 661 879 707 opus
897 652 1037 703 sunt,
1060 652 1220 693 noctu
1237 652 1638 707 comparantur;
1667 645 1866 693 multae

269 730 552 785 praeustae
579 723 758 782 sudes,
789 732 1018 786 magnus
1045 722 1327 771 muralium
1357 721 1584 785 pilorum
1614 738 1865 770 numerus

269 799 591 857 instituitur;
641 807 814 849 turres
856 800 1285 858 contabulantur,
1333 800 1525 862 pinnae
1567 801 1866 863 loricaeque

212 895 253 926 45
270 894 335 926 ex
361 878 596 926 cratibus
627 885 953 926 attexuntur.
1031 877 1143 939 ipse
1171 877 1375 936 Cicero,
1406 895 1525 926 curn
1552 877 1867 926 tenuissima

271 955 574 1003 valetudine
610 963 770 1013 esset,
810 962 876 1003 ne
913 962 1230 1003 nocturnum
1267 955 1480 1018 quidem
1519 954 1617 1002 sibi
1654 962 1868 1017 tempus

269 1034 337 1081 ad
364 1033 596 1095 quietem
629 1032 975 1095 relinquebat,
1008 1042 1065 1080 ut
1091 1033 1231 1081 ultro
1262 1033 1487 1080 militum
1517 1042 1780 1081 concursu
1805 1039 1868 1080 ac

268 1111 490 1160 vocibus
517 1110 615 1159 sibi
642 1126 858 1173 parcere
883 1117 1184 1173 cogeretur.

336 1189 487 1237 Tunc
524 1189 688 1236 duces
725 1188 1096 1250 principesque
1135 1187 1471 1247 Nerviorum,
1512 1193 1604 1250 qui
1640 1187 1868 1250 aliquem

212 1286 254 1318 50
270 1266 531 1315 sermonis
562 1267 765 1314 aditum
800 1282 1125 1328 causamque
1159 1265 1425 1314 amicitiae
1459 1282 1580 1314 cum
1614 1266 1871 1314 Cicerone

270 1346 555 1404 habebant,
586 1345 817 1407 colloqui
842 1351 964 1392 sese
996 1344 1128 1392 velle
1154 1344 1352 1391 dicunt.
1431 1344 1576 1392 facta
1600 1350 1870 1406 potestate

270 1424 474 1481 eadem,
527 1438 663 1485 quae
711 1421 986 1470 Ambiorix
1041 1437 1160 1470 cum
1210 1421 1418 1469 Titurio
1471 1429 1675 1485 egerat,
1727 1437 1870 1470 com-

271 1508 594 1550 memorant:
633 1516 843 1548 omnem
871 1515 989 1547 esse
1016 1499 1066 1546 in
1093 1505 1255 1547 armis
1281 1499 1534 1558 Galliam;
1572 1499 1870 1548 Germanos

274 1580 518 1627 Rhenum
556 1585 842 1635 transisse3
891 1576 1139 1625 Caesaris
1183 1577 1610 1640 reliquorumque
1652 1578 1872 1626 hiberna

215 1678 255 1709 55
272 1663 589 1720 oppugnari.
668 1657 872 1703 addunt
906 1655 1067 1704 etiam
1101 1656 1167 1703 de
1203 1656 1387 1704 Sabini
1421 1663 1617 1714 morte3
1656 1656 1871 1704 Ambio-

273 1741 440 1798 rigem
484 1742 758 1782 ostentant
800 1734 922 1782 fidei
970 1733 1249 1782 faciundae
1297 1743 1481 1782 causa.
1554 1743 1729 1783 errare
1777 1741 1871 1783 eos

271 1814 471 1870 dicunt,
503 1819 548 1860 si
577 1812 861 1875 quicquam
888 1813 956 1860 ab
982 1812 1064 1860 his
1096 1811 1346 1874 praesidii
1377 1819 1608 1874 sperent,
1639 1818 1730 1875 qui
1759 1818 1872 1861 suis

273 1893 430 1939 rebus
468 1890 746 1948 diffidant;
797 1897 917 1938 sese
954 1897 1134 1938 tamen
1172 1890 1273 1939 hoc
1316 1906 1434 1938 esse
1471 1890 1523 1938 in
1561 1890 1870 1939 Ciceronem

273 1970 633 2032 populumque
674 1969 976 2016 Romanum
1015 1969 1213 2026 animo,
1257 1975 1314 2016 ut
1352 1967 1478 2015 nihil
1516 1968 1615 2016 nisi
1654 1969 1874 2017 hiberna

217 2069 257 2100 00
275 2055 519 2095 recusent
573 2055 734 2108 atque
789 2047 927 2094 hanc
986 2045 1373 2094 inveterascere
1432 2046 1871 2094 consuetudinem

275 2125 468 2182 nolint;
528 2124 683 2173 licere
733 2124 834 2172 illis
882 2123 1234 2172 incolumibus
1283 2140 1376 2186 per
1424 2132 1482 2172 se
1525 2141 1591 2172 ex
1638 2125 1872 2173 hibernis

275 2203 547 2251 discedere
579 2210 650 2262 et,
681 2211 1046 2266 quascumque
1079 2203 1131 2250 in
1163 2210 1344 2265 partes
1375 2202 1554 2261 velint,
1585 2202 1698 2251 sine
1728 2210 1873 2251 metu

276 2281 553 2343 proficisci.
631 2280 820 2329 Cicero
863 2281 931 2329 ad
974 2281 1105 2329 haec
1149 2291 1314 2329 unum
1363 2280 1523 2329 modo
1571 2281 1871 2343 respondit:

277 2366 381 2407 non
419 2375 537 2407 esse
574 2358 1014 2407 consuetudinem
1050 2359 1232 2421 populi
1268 2358 1500 2407 Romani
1532 2359 1770 2421 accipere
1806 2360 1875 2407 ab

222 2459 261 2490 ⁶5
278 2438 431 2486 hoste
478 2444 687 2485 armato
734 2437 1126 2486 condicionem:
1183 2443 1229 2485 si
1276 2438 1345 2486 ab
1392 2443 1555 2485 armis
1604 2437 1876 2486 discedere

277 2515 456 2572 velint,
495 2522 554 2563 se
592 2515 835 2564 adiutore
872 2523 1090 2563 utantur
1126 2516 1447 2578 legatosque
1483 2516 1551 2563 ad
1589 2515 1875 2564 Caesarem

278 2600 492 2641 mittant
507 2609 518 2651 ;
575 2600 790 2655 sperare
839 2600 937 2655 pro
985 2593 1099 2641 eius
1148 2593 1370 2652 iustitia,
1423 2609 1560 2656 quae
1607 2593 1870 2656 petierint,

279 2670 674 2734 impetraturos.

346 2749 428 2796 Ab
459 2749 559 2796 hac
589 2755 684 2810 spe
719 2748 915 2810 repulsi
946 2747 1129 2797 Nervii
1159 2749 1301 2797 vallo
1330 2748 1525 2811 pedum
1557 2762 1616 2795 1x
1645 2754 1698 2796 et
1728 2747 1877 2796 fossa

223 2846 265 2882 70
280 2827 474 2889 pedum
529 2839 607 2873 xv
660 2826 880 2874 hiberna
938 2825 1176 2889 cingunt.
1254 2827 1385 2874 haec
1438 2833 1491 2874 et
1545 2824 1876 2888 superiorum

280 2911 541 2952 annorum
561 2904 947 2952 consuetudine
974 2907 1041 2952 ab
1068 2905 1221 2952 nobis
1247 2910 1614 2967 cognoverant
1639 2910 1691 2951 et
1717 2909 1876 2965 quos-

281 2984 403 3032 dam
446 2983 512 3032 de
561 2981 793 3032 exercitu
845 2983 1113 3032 habebant
1161 2989 1422 3047 captivoS,
1475 2982 1542 3031 ab
1590 2981 1673 3030 his
1721 2981 1876 3031 doee-
