1956 3242
292 219 356 267 24
809 203 1113 265 Excerpta
1153 202 1373 253 Brevia

1054 383 1119 434 38

359 506 462 555 Sed
503 505 702 555 Veiens
742 505 929 563 hostiS‚
975 505 1225 553 assiduus
1264 505 1439 569 magis
1478 522 1638 569 quam
1677 506 1876 570 graviS,

289 582 624 632 contumeliis
662 582 875 645 saepius
908 599 1067 646 quam
1103 584 1338 645 periculo
1374 583 1580 633 animes
1617 584 1878 647 agitabat,

290 662 433 723 quod
474 661 619 709 nulle
657 668 896 723 tempore
935 662 1149 724 neglegi
1191 668 1402 723 poterat
1441 670 1533 710 aut
1573 669 1741 711 averti
1779 662 1884 711 alie

291 738 515 787 sinebat.
607 745 720 786 tum
768 737 934 786 Fabia
974 746 1112 802 gens
1154 746 1400 787 senatum
1444 740 1589 788 adiit.
1686 740 1883 789 Fabius

254 816 475 864 5censul
524 822 621 879 pre
663 823 825 879 gente
873 816 1132 879 loquitur:
1193 817 1458 866 ‘Assidue
1507 817 1681 881 magis
1723 833 1883 881 quam

291 900 492 956 magne
526 893 810 956 praesidio,
840 900 901 941 ut
934 893 1098 953 sestis,
1135 901 1315 957 patres
1348 902 1654 959 censeripti,
1688 896 1883 944 bellum

293 971 489 1019 Veiens
531 978 683 1034 eget:
738 978 837 1020 ves
879 971 984 1020 alia
1025 972 1164 1021 bella
1204 979 1403 1031 curate,
1454 974 1495 1020 F
1500 973 1652 1022 abies
1701 975 1884 1022 hostes

291 1047 604 1096 Veientibus
640 1048 792 1097 date:
825 1055 1091 1098 ‘aucteres
1129 1066 1332 1109 sumus,
1374 1057 1546 1098 tutam
1585 1050 1655 1099 ibi
1695 1050 1884 1100 maies-

291 1132 458 1174 tatem
495 1126 724 1175 Romani
757 1126 989 1175 neminis
1018 1127 1158 1176 fore:
1197 1136 1440 1177 nostrum
1474 1128 1526 1176 id
1559 1130 1716 1178 nebis
1741 1129 1885 1178 velut

235 1218 277 1250 10
293 1203 550 1252 familiare
575 1204 770 1252 bellum
796 1210 1008 1266 private
1034 1212 1252 1269 sumptu
1278 1221 1464 1270 gerere
1493 1205 1545 1254 in
1571 1206 1750 1255 anime
1774 1213 1882 1255 est:

292 1287 376 1330 res
410 1281 621 1343 publica
650 1289 703 1330 et
736 1281 900 1330 milite
930 1282 1034 1331 illie
1063 1290 1116 1332 et
1147 1283 1373 1345 pecunia
1400 1284 1600 1333 vacet’.
1677 1283 1884 1348 gratiae

291 1358 538 1422 ingentes
578 1366 747 1408 actae.
823 1360 1012 1409 censul
1052 1367 1082 1409 e
1120 1361 1268 1410 curia
1305 1368 1558 1424 egressus
1597 1362 1885 1411 comitante

294 1436 581 1485 Fabierum
623 1436 856 1500 agmine,
903 1443 995 1501 qui
1037 1437 1089 1486 in
1131 1438 1398 1488 vestibulo
1441 1438 1618 1488 curiae
1665 1447 1885 1488 senatus

291 1515 596 1564 censultum
617 1522 992 1577 exspectantes
1012 1522 1289 1575 steterant,
1311 1517 1528 1565 domum
1546 1517 1694 1566 redit.
1754 1517 1885 1567 iussi

235 1606 276 1639 15
292 1599 486 1641 armati
515 1599 732 1655 postere
757 1593 842 1642 die
868 1594 936 1642 ad
967 1594 1125 1642 limen
1151 1594 1388 1643 censulis
1414 1596 1618 1644 adesse.
1696 1597 1885 1646 domes

292 1669 412 1719 inde
446 1671 743 1720 discedunt.
821 1679 1005 1720 manat
1037 1678 1155 1721 teta
1187 1674 1316 1721 urbe
1350 1684 1544 1732 rumor,
1586 1672 1784 1722 Fabies
1817 1674 1886 1722 ad

291 1749 495 1797 caelum
522 1749 718 1797 ferunt:
751 1749 1005 1797 familiam
1031 1760 1193 1798 unam
1219 1750 1445 1799 subiisse
1470 1750 1702 1799 civitatis
1727 1767 1877 1800 onus.

295 1826 446 1875 Fabii
474 1833 693 1889 postere
726 1826 811 1875 die
841 1843 990 1875 arma
1019 1827 1254 1890 capiunt,
1284 1835 1392 1892 que
1423 1828 1554 1877 iussi
1583 1836 1734 1877 erant
1762 1845 1885 1878 con-

292 1904 526 1953 veniunt.
620 1905 807 1954 censul
856 1905 1144 1967 paludatus
1191 1906 1473 1970 egrediens
1521 1907 1573 1955 in
1621 1907 1886 1957 vestibule

237 1990 509 2045 mgentem
558 1999 770 2031 omnem
819 1998 972 2031 suam
1021 1989 1284 2032 instructe
1331 1983 1546 2048 agmine
1593 1983 1754 2044 videt,
1800 2000 1886 2034 ac-

292 2067 478 2123 ceptus
513 2060 564 2107 in
597 2060 827 2109 medium
860 2067 1018 2124 signa
1046 2061 1169 2109 ferri
1202 2061 1362 2110 iubet.
1439 2078 1711 2125 nunquam
1739 2077 1885 2111 exer-

291 2137 430 2186 citus
479 2154 650 2201 neque
698 2137 870 2187 minor
917 2145 1139 2187 numere
1187 2155 1358 2202 neque
1404 2139 1596 2188 clarior
1641 2140 1787 2188 fama
1832 2147 1886 2189 et

292 2215 646 2263 admiratione
695 2214 969 2263 hominum
1018 2231 1111 2278 per
1158 2218 1342 2265 urbem
1392 2216 1635 2266 incessit:
1691 2232 1785 2266 sex
1832 2224 1885 2266 et

292 2299 514 2341 trecenti
547 2292 758 2351 milites,
794 2300 980 2341 omnes
1014 2293 1238 2355 patricii,
1272 2301 1459 2343 omnes
1493 2300 1650 2342 tinius
1683 2294 1879 2358 gentis,

238 2384 277 2416 25
293 2377 521 2433 querum
556 2370 821 2418 neminem
856 2370 1045 2418 ducem
1080 2378 1351 2432 sperneret
1383 2371 1636 2434 egregius
1670 2370 1885 2434 quibus-

293 2448 418 2496 libet
454 2447 782 2509 temporibus
820 2455 1056 2506 senatus‚
1099 2449 1263 2506 ibant,
1305 2455 1462 2497 unius
1498 2448 1728 2498 familiae
1765 2449 1884 2498 viri-

292 2526 392 2573 bus
429 2525 639 2573 Veienti
680 2525 879 2587 popule
917 2532 1120 2587 pestem
1160 2525 1481 2575 minitantes.
1559 2527 1781 2589 profecti
1815 2527 1885 2576 ad

294 2603 597 2650 Cremeram
642 2603 834 2650 flumen
880 2602 1219 2664 perveniunt:
1275 2603 1320 2651 is
1362 2611 1695 2666 opportunus
1736 2611 1883 2653 visus

293 2680 441 2728 locus
478 2679 888 2728 communiendi)
926 2679 1206 2741 praesidie.
1288 2682 1344 2728 L.
1381 2682 1635 2731 Aemilius
1674 2681 1795 2729 inde
1830 2689 1884 2730 et

238 2773 279 2804 30
294 2758 355 2805 G.
400 2757 654 2805 Servilius
701 2757 949 2805 censules
998 2757 1140 2816 facti,
1188 2765 1241 2806 et
1289 2765 1397 2807 nen
1446 2759 1512 2807 ad
1561 2757 1882 2821 praesidium

294 2835 454 2883 modo
487 2835 769 2882 tutandum
807 2833 957 2882 Fabii
991 2835 1122 2883 satis
1156 2843 1324 2894 erant,
1363 2836 1457 2884 sed
1491 2843 1608 2885 teta
1642 2835 1876 2899 regiene‚

293 2921 400 2975 qua
435 2914 642 2961 Tuscus
679 2928 809 2975 ager
849 2913 1098 2961 Remane
1134 2913 1357 2972 adiacet,
1397 2929 1495 2962 sua
1529 2921 1647 2961 tota
1682 2913 1876 2971 omnia,

292 2990 488 3039 infesta
516 2990 749 3038 hostium
776 2997 1038 3054 vagantes
1068 3006 1161 3053 per
1190 2998 1472 3054 utrumque
1498 2991 1661 3039 finem
1689 2991 1875 3040 fecere.
