1956 3242
581 263 881 325 Excerpta
920 261 1136 311 Brevia
1573 274 1638 324 77

72 411 123 452 et
148 404 314 452 libens
339 405 507 453 fatum
533 405 801 467 excepisti,
826 412 1094 467 tamquam
1121 410 1217 465 pro
1242 402 1375 450 virili
1399 403 1639 464 portione

72 481 420 529 innocentiam
446 482 664 543 principi
688 483 932 529 donares.
987 482 1077 528 sed
1104 480 1226 527 mihi
1253 479 1501 541 filiaeque
1526 480 1674 542 eius?

72 566 278 620 praeter
302 559 641 606 acerbitatem
667 556 923 620 parentis
924 565 1088 619 erepti
1113 564 1274 619 auget
1299 556 1633 614 maestitiam,

25 651 27 653 ·
72 635 213 698 quod
249 635 481 684 assidere
517 635 823 692 valetudini,
865 636 1040 682 fovere
1076 633 1418 691 deficientem,
1460 633 1640 680 satiari

72 712 217 760 voltu
243 712 623 773 complexaque
649 718 752 759 non
778 711 1016 773 contigit.
1086 710 1474 771 excepissemus
1499 716 1639 758 certe

31 806 40 810 ·
74 789 324 854 mandata
360 795 641 851 vocesque,
684 797 818 850 quas
862 788 1068 849 penitus
1110 787 1286 834 animo
1327 786 1633 849 figeremuS.

31 918 36 920 s
62 872 252 912 -noster
281 866 364 912 hic
395 866 560 922 dolor,
598 872 834 912 nostrum
868 866 1054 912 volnus
1072 879 1083 921 ;
1125 865 1275 911 nobis
1307 871 1416 910 tum
1449 863 1638 924 longae
1655 877 1696 909 10

75 934 343 989 absentiae
371 941 679 989 condicione
708 949 830 989 ante
859 941 1256 1003 quadriennium
1286 946 1512 987 amissus
1539 948 1634 987 est.

75 1007 390 1065 omnia'sine
419 1017 595 1076 dubio,
625 1017 821 1080 optime
851 1025 1144 1079 parentum,
1174 1016 1438 1064 assidente
1463 1032 1641 1064 arnan-

14 1101 17 1104 ’
74 1094 281 1142 tissima
331 1101 496 1142 uxore
548 1094 848 1156 superfuere
896 1095 1082 1141 honori
1127 1100 1246 1151 tuo;
1309 1092 1641 1155 paucioribus

75 1178 251 1218 tamen
290 1171 516 1219 lacrimis
551 1171 877 1232 compositus
914 1187 988 1228 es,
1029 1178 1082 1218 et
1118 1170 1405 1218 novissima
1441 1170 1491 1217 in
1527 1170 1641 1217 luce

45 1249 439 1297 ‚desideravere
475 1247 670 1310 aliquid
706 1248 843 1295 oculi
879 1254 970 1294 tui.
1657 1264 1697 1295 15

144 1326 199 1372 Si
231 1324 348 1386 quis
381 1324 586 1386 piorum
619 1324 860 1372 manibus
895 1325 1058 1381 locus,
1090 1331 1147 1370 ut
1177 1322 1501 1385 sapientibus
1534 1323 1642 1384 pla-

75 1409 174 1458 cet,
206 1405 308 1448 nen
334 1417 453 1448 cum
477 1417 694 1463 corpore
724 1401 1134 1462 exstinguuntur
1158 1408 1384 1462 magnae
1417 1400 1638 1457 animae,

76 1477 278 1539 placide
316 1477 576 1540 quiescas,
618 1484 822 1539 nosque
861 1478 1075 1524 domum
1115 1484 1278 1534 tuam,
1320 1478 1386 1524 ab
1428 1476 1644 1524 infirme

76 1554 336 1602 desiderio
354 1562 405 1602 et
431 1554 768 1602 muliebribus
794 1555 1036 1602 lamentis
1058 1554 1125 1601 ad
1149 1553 1643 1615 contemplationem

76 1631 328 1679 virtutum
377 1639 585 1679 tuarum
633 1638 808 1689 voces,
861 1639 993 1693 quas
1042 1647 1209 1693 neque
1256 1631 1425 1693 lugeri
1476 1645 1701 1692 neque2o

76 1708 258 1770 plangi
299 1707 381 1756 fas
423 1714 519 1769 est3
613 1707 961 1763 admiratione
1004 1713 1056 1753 te
1098 1706 1273 1768 potius
1315 1722 1473 1768 quam
1516 1713 1644 1753 tem-

77 1784 343 1845 poralibus
386 1783 646 1841 laudibus,
687 1791 756 1841 et,
797 1789 843 1831 si
885 1790 1073 1831 natura
1114 1782 1431 1844 suppeditet,
1470 1798 1645 1830 aemu-

78 1860 273 1908 latione
298 1861 620 1908 decoremus.
686 1860 730 1907 is
756 1867 911 1908 verus
938 1860 1123 1917 hones,
1148 1876 1211 1908 ea
1235 1859 1647 1907 conianctissimi

7 1946 10 1947 ’
78 1936 330 1999 cuiusque
365 1936 549 1998 pietas.
639 1936 690 1983 id
726 1936 870 1984 filiae
906 1953 1113 1999 quoque
1150 1943 1402 1999 uxorique
1438 1943 1647 1998 praece-

79 2014 259 2076 perim,
301 2019 376 2061 sic
411 2013 593 2076 patris,
632 2019 711 2061 ‘Sic
747 2019 920 2060 mariti
956 2012 1261 2061 memoriam
1297 2019 1548 2069 venerari,
1589 2021 1646 2060 ut
1662 2030 1702 2061 25

80 2091 255 2139 omnia
284 2091 425 2138 facta
453 2090 697 2151 dictaque
727 2090 839 2138 eius
872 2097 1054 2138 secum
1086 2090 1371 2147 revolvant,
1402 2090 1647 2137 formam-

80 2184 179 2230 que
209 2183 270 2215 ac
302 2167 527 2229 figuram
553 2167 713 2214 animi
746 2166 917 2229 magis
943 2182 1100 2228 quam
1126 2166 1359 2228 corporis
1393 2167 1647 2228 complec-

80 2251 285 2301 tantur;
333 2250 438 2291 non
472 2243 596 2306 quia
630 2243 1054 2291 intercedendum
1092 2251 1268 2304 putem
1307 2243 1642 2305 imaginibus,

80 2337 214 2383 quae
263 2336 523 2368 marmore
571 2327 663 2367 aut
710 2335 829 2367 aere
877 2320 1172 2382 finguntur;
1229 2320 1321 2367 sed
1369 2328 1426 2366 ut
1473 2321 1647 2367 voltus

81 2396 367 2454 hominum,
402 2396 477 2443 ita
509 2396 789 2444 simulacra
818 2397 992 2444 voltus
1026 2396 1284 2444 imbecilla
1313 2412 1374 2444 ac
1408 2396 1649 2444 mortalia
1663 2416 1705 2447 30

83 2482 221 2531 sunt,
262 2473 432 2521 forma
470 2474 660 2521 mentis
703 2481 931 2531 aeterna,
972 2490 1130 2536 quam
1170 2481 1346 2521 tenere
1388 2481 1440 2521 et
1475 2474 1648 2535 expri-

83 2566 221 2597 mere
258 2557 363 2598 non
401 2566 493 2612 per
527 2551 751 2598 alienam
789 2551 1060 2598 materiam
1097 2559 1149 2599 et
1188 2559 1371 2609 artem,
1413 2552 1506 2599 sed
1544 2558 1649 2599 tuis

84 2627 194 2688 ipse
235 2626 469 2689 moribus
512 2634 700 2689 possis.
776 2628 1022 2690 quicquid
1064 2645 1127 2676 ex
1166 2628 1417 2690 Agricola
1453 2628 1649 2676 amavi-

26 2745 33 2756 ,
84 2706 226 2772 muts,
258 2699 504 2766 quicquid
555 2710 729 2752 mirati
775 2720 973 2763 sumus,
1022 2713 1198 2753 manet
1240 2713 1650 2767 mansurumque

83 2789 164 2828 est
211 2779 262 2827 in
310 2780 497 2828 animis
545 2780 830 2839 hominum,
878 2781 928 2828 in
977 2782 1286 2830 aeternitate
1332 2789 1644 2843 temporum,
1665 2801 1706 2832 35

84 2856 227 2905 fama
268 2863 456 2905 rerum.
539 2873 659 2904 nam
703 2859 896 2905 multos
938 2867 1169 2906 veterum
1213 2859 1355 2906 velut
1397 2858 1650 2920 inglorios

84 2941 137 2982 et
171 2933 432 2996 ignobiles
465 2933 667 2981 oblivio
690 2934 889 2991 obruit;
928 2935 1175 2997 Agricola
1207 2935 1503 2997 posteritati
1536 2950 1651 2982 nar-

85 3017 231 3057 ratus
267 3018 319 3058 et
355 3010 580 3058 traditus
618 3018 884 3071 superstes
921 3011 1032 3059 erit.
