1956 3242
604 186 903 247 Excerpta
941 183 1158 232 Brevia
1595 201 1662 247 49

94 323 426 386 pertinerent.
510 325 659 372 cuius
713 331 812 372 etsi
865 339 1080 372 causam
1136 325 1440 381 mirabatur,
1493 339 1660 385 neque

94 399 403 462 reperiebat,
450 409 625 448 tamen
669 401 922 463 proelium
965 400 1144 448 statim
1186 406 1512 447 committere
1554 407 1658 447 nen

93 477 369 526 dubitavit.
451 478 638 526 herum
681 478 731 524 in
774 488 1031 526 concursu
1076 476 1305 539 Bythinii
1348 476 1717 524 Hannibalism

93 561 374 617 praecepte
444 555 674 602 universi
745 562 932 602 navem
1009 553 1257 601 Eumenis
1332 553 1655 601 adoriuntur.

94 638 316 694 querum
365 631 469 678 vim
518 621 610 679 rex
656 647 773 679 cum
823 631 1081 679 sustinere
1128 637 1234 678 nen
1282 637 1479 691 posset,
1532 630 1663 693 fuga

95 709 317 757 salutem
350 708 498 776 petit,
528 724 686 770 quam
719 715 1035 756 censecutus
1068 714 1173 755 nen
1205 715 1363 765 esset,
1393 707 1492 754 nisi
1529 707 1662 755 inter

95 801 192 832 sua
229 785 492 847 praesidia
530 792 587 833 se
627 785 926 846 recepisset,
967 800 1101 846 quae
1140 784 1191 830 in
1229 784 1470 845 proxime
1512 784 1662 831 litore

94 869 242 909 erant
289 862 561 910 collocata.
652 862 879 924 reliquae
928 862 1286 923 Pergamenae
1334 867 1495 908 naves
1543 876 1661 908 cum
1678 876 1717 905 45

94 938 426 986 adversaries
473 946 767 1000 premerent
809 937 999 995 acrius,
1048 944 1258 998 repente
1306 937 1356 983 in
1399 945 1490 984 eas
1533 945 1664 984 vasa

94 1015 287 1073 fictilia,
327 1016 393 1063 de
430 1015 622 1078 quibus
665 1023 825 1077 supra
863 1013 1181 1062 mentienem
1220 1014 1456 1071 fecimus,
1497 1013 1664 1061 conici

94 1100 282 1154 coepta
323 1100 461 1140 sunt.
551 1108 685 1154 quae
728 1092 865 1139 iacta
907 1091 1056 1139 initie
1099 1097 1260 1138 risum
1303 1091 1663 1152 pugnantibus

94 1169 438 1227 concitarunt,
482 1185 648 1231 neque
684 1176 847 1231 quare
887 1169 938 1215 id
976 1168 1121 1215 fieret
1160 1175 1366 1228 poterat
1409 1167 1657 1230 intellegi.

94 1253 375 1307 postquam
412 1252 589 1293 autem
628 1253 792 1293 naves
831 1253 956 1292 suas
995 1245 1237 1306 oppletas
1276 1250 1663 1304 censpexerunt
1680 1259 1719 1290 50

94 1322 440 1384 serpentibus,
470 1330 610 1370 nova
634 1328 688 1370 re
713 1321 989 1383 perterriti,
1019 1337 1155 1378 cum,
1180 1320 1304 1383 quid
1330 1320 1663 1382 potissimum

93 1405 336 1457 v1tarent,
362 1405 467 1447 nen
487 1398 739 1457 viderent,
765 1405 968 1460 puppes
996 1405 1263 1446 verterunt
1288 1405 1449 1459 seque
1475 1398 1541 1444 ad
1567 1413 1665 1445 sua

93 1484 270 1524 castra
316 1475 527 1524 nautica
574 1475 900 1523 rettulerunt.
1001 1481 1076 1522 sic
1127 1474 1391 1522 Hannibal
1443 1474 1663 1522 censilie

95 1568 241 1600 arma
283 1553 728 1615 Pergamenerum
772 1552 1056 1613 superavit,
1104 1567 1271 1613 neque
1314 1559 1425 1598 tum
1469 1553 1658 1610 selum,

95 1631 187 1678 sed
235 1646 391 1692 saepe
438 1629 569 1677 alias
621 1629 951 1691 pedestribus
998 1628 1165 1690 cepiis
1220 1635 1333 1690 pari
1388 1629 1664 1691 prudentia
1679 1644 1718 1675 55

95 1707 292 1769 pepulit
328 1705 674 1754 adversaries.

847 1822 912 1874 52

165 1935 310 1981 Belle
336 1934 535 1983 Punice
561 1935 794 1983 secunde
819 1936 877 1982 C.
907 1935 1195 1983 Flaminius
1220 1937 1406 1984 censul
1432 1936 1664 1998 neglexit

97 2017 252 2074 signa
290 2018 461 2059 rerum
500 2011 794 2059 futurarum
837 2020 1036 2074 magna
1075 2027 1195 2059 eum
1233 2012 1381 2059 clade
1424 2018 1496 2059 rei
1536 2013 1664 2074 pflb-

97 2088 239 2136 licae.
331 2094 422 2150 qui
467 2087 695 2136 exercitu
744 2089 969 2136 lustrate
1017 2104 1135 2136 cum
1178 2089 1439 2137 Arretium
1482 2105 1665 2136 versus

97 2171 273 2212 castra
308 2163 562 2212 mevisset
597 2172 649 2211 et
684 2172 869 2213 contra
907 2165 1256 2213 Hannibalem
1295 2165 1534 2228 legienes
1573 2166 1666 2213 du-

97 2249 252 2299 ceret,
277 2248 329 2288 et
354 2241 466 2303 ipse
490 2248 542 2288 et
561 2257 726 2303 equus
752 2241 864 2289 eius
884 2249 1006 2290 ante
1032 2248 1244 2304 signum
1272 2242 1411 2290 Iovis
1439 2242 1665 2290 Stateris
1682 2261 1701 2292 5

99 2317 209 2366 sine
234 2326 398 2366 causa
422 2325 633 2380 repente
659 2317 900 2375 concidit,
931 2334 1026 2366 nec
1055 2335 1170 2366 eam
1202 2335 1309 2367 rem
1339 2319 1522 2367 habuit
1552 2319 1664 2367 reli-

97 2394 263 2456 gieni,
303 2394 511 2442 obiecte
552 2401 726 2457 signe,
768 2402 825 2442 ut
866 2402 1047 2456 peritis
1086 2395 1378 2454 videbatur,
1420 2404 1484 2444 ne
1526 2412 1666 2444 com-

99 2477 328 2518 mitteret
352 2471 620 2532 proelium.
696 2471 834 2519 idem
867 2487 984 2520 cum
1019 2472 1249 2534 tripudie
1283 2473 1661 2534 auspicaretur,

98 2547 351 2610 pullarius
389 2548 526 2595 diem
565 2548 746 2609 proelii
786 2550 1148 2597 commIttendi
1189 2550 1477 2597 differebat.
1554 2556 1666 2597 tum

102 2623 390 2672 Flaminius
415 2640 479 2672 ex
504 2631 569 2672 ee
594 2625 871 2686 quaesivit,
902 2633 947 2673 si
979 2633 1045 2674 ne
1078 2634 1265 2688 postea
1297 2626 1507 2689 quidem
1541 2627 1667 2688 pulli
1682 2644 1723 2677 ιο

98 2708 453 2763 pascerentur,
506 2700 630 2763 quid
690 2702 983 2750 faciendum
1042 2710 1295 2752 censeret.
1405 2719 1523 2751 cum
1583 2702 1667 2751 ille

98 2776 473 2839 quiescendum
544 2778 917 2839 respondisset,
994 2779 1283 2827 Flaminius
1359 2782 1371 2805 ‘
1392 2780 1668 2828 Praeclara

100 2859 227 2901 vere
259 2853 518 2915 auspicia’
552 2854 718 2916 inquit
754 2857 766 2880 ‘
786 2861 830 2903 si
861 2855 1209 2904 esurientibus
1241 2857 1396 2919 pullis
1434 2863 1517 2904 res
1553 2862 1667 2918 geri

100 2929 308 2992 poterit,
339 2935 532 2978 saturis
565 2930 690 2978 nihil
721 2938 935 2994 geretur
951 2934 978 2981 '.
1055 2933 1232 2996 itaque
1262 2939 1420 2996 signa
1446 2932 1667 2981 convelli

263 3003 414 3045 (3611)
1473 3006 1501 3040 E
