1956 3242
599 206 898 274 Excerpta
937 208 1154 259 Brevia
1590 208 1655 272 8⁵7

92 353 291 416 pacarit
327 369 541 401 nemora
576 361 628 401 et
666 354 886 400 Lernam
923 349 1268 400 tremefecerit
1304 359 1454 407 arcti3

92 448 185 478 nec
220 436 311 493 qui
346 431 635 492 pampineis
671 430 837 478 victor
872 429 999 492 iuga
1034 427 1193 475 flectit
1228 428 1447 475 habenis

95 510 262 565 Liber,
304 515 471 570 agens
506 508 648 574 celso
685 507 861 568 Nysae
895 506 963 553 de
999 505 1191 553 vertice
1226 503 1407 566 tigres.

92 593 142 632 et
178 584 481 632 dubitamus
517 584 689 631 adhuc
724 583 970 630 virtutem
1006 581 1286 629 extendere
1321 580 1493 637 factis,

92 669 181 708 aut
218 668 389 708 metus
425 660 660 708 Ausonia
693 660 932 721 prohibet
967 658 1256 707 consistere
1290 657 1465 704 terra?

92 738 208 799 quis
244 738 425 800 procul
461 738 544 785 ille
580 745 756 785 autem
793 743 951 784 ramis
987 734 1209 797 insignis
1245 735 1413 782 olivae

93 831 243 863 sacra
278 814 484 862 ferens?
521 821 684 861 nesco
719 820 888 861 crines
925 812 1215 873 incanaque
1251 818 1428 858 menta

93 892 234 954 regis
273 891 516 948 Remani,
558 897 779 952 primam
815 896 905 952 qui
940 890 1145 951 legibus
1183 889 1362 935 urbem

93 968 331 1016 fundabit
365 967 591 1015 Curibus
628 973 803 1029 parvis
839 975 890 1014 et
925 981 1153 1028 paupere
1188 972 1329 1012 terra

93 1051 287 1092 missus
323 1044 374 1092 in
411 1044 685 1106 imperium
723 1051 992 1106 magnum.
1068 1048 1151 1089 cui
1187 1041 1372 1089 deinde
1409 1039 1605 1088 subibit

94 1122 331 1184 etia‘qui
366 1129 572 1183 rumpet
606 1120 807 1183 patriae
845 1119 1145 1181 residesque
1183 1117 1415 1170 movebit

93 1199 278 1246 Tullus
315 1198 366 1246 in
403 1214 550 1246 arma
585 1198 725 1246 viros
762 1205 814 1245 et
850 1197 951 1244 iarn
990 1197 1210 1244 desueta
1245 1195 1522 1256 triumphis

94 1275 324 1338 agmina.
400 1291 555 1338 quem
591 1274 740 1322 iuxta
775 1273 1010 1335 sequitur
1044 1272 1322 1320 iactantior
1357 1272 1534 1319 Ancus
1598 1303 1601 1305 >

95 1368 232 1401 nunc
259 1367 468 1415 quoque
498 1352 600 1399 iarn
627 1350 841 1398 nimium
868 1351 1108 1412 gaudens
1133 1348 1473 1411 popularibus
1499 1354 1655 1395 auris.

94 1435 174 1477 vis
209 1437 262 1477 et
296 1428 612 1490 Tarquinios
650 1434 804 1490 reges
841 1427 1175 1488 animamque
1211 1427 1490 1487 superbam

93 1504 278 1553 ultoris
317 1505 481 1562 Bruti,
522 1503 798 1565 fascesque
833 1503 1008 1551 videre
1046 1502 1317 1564 receptes?

93 1580 325 1629 censulis
362 1579 635 1642 imperium
671 1580 755 1627 hic
793 1586 990 1641 primus
1027 1587 1319 1641 saevasque
1356 1584 1566 1626 secures

95 1657 330 1719 accipiet,
372 1663 633 1719 natosque
668 1664 817 1718 pater
854 1672 992 1703 nova
1027 1656 1163 1703 bella
1198 1661 1470 1703 moventes

95 1735 161 1781 ad
198 1749 421 1796 poenam
459 1734 677 1795 pulchra
713 1739 807 1794 pre
844 1733 1083 1780 libertate
1119 1732 1345 1790 vocabit,

96 1810 300 1858 infelix!
338 1817 620 1872 utcumque
655 1809 821 1857 ferent
857 1826 919 1857 ea
954 1810 1094 1857 facta
1130 1808 1360 1857 mineres

96 1887 268 1935 vincet
304 1902 452 1935 amor
487 1885 686 1947 patriae
723 1886 1039 1947 laudumque
1075 1886 1332 1933 immensa
1366 1885 1574 1947 cupide.

97 1970 219 2026 quin
259 1962 452 2011 Decies
489 1963 801 2025 Drusosque
837 1963 1015 2024 procul
1053 1978 1371 2024 saevumque
1397 1968 1565 2009 securi

98 2039 272 2102 aspice
313 2039 639 2102 Torquatum
677 2047 728 2086 et
765 2039 1071 2087 referentem
1108 2045 1263 2101 signa
1298 2038 1590 2086 Camillum.

98 2116 214 2164 illae
250 2123 426 2164 autem
461 2116 674 2178 paribus
710 2124 843 2178 quas
879 2117 1079 2178 fulgere
1114 2116 1281 2163 cernis
1318 2115 1367 2162 in
1406 2121 1582 2172 armis,

98 2194 388 2242 concordes
424 2192 628 2240 animae
664 2209 801 2240 nunc
836 2200 888 2240 et
923 2194 1047 2240 dum
1085 2199 1236 2240 nocte
1272 2199 1593 2253 premuntur,

100 2273 199 2318 heu
234 2277 489 2332 quantum
526 2269 660 2317 inter
695 2276 752 2317 se
787 2270 996 2326 bellum,
1039 2275 1083 2316 si
1119 2268 1315 2316 lumina
1349 2275 1488 2316 vitae

99 2346 386 2410 attigerint,
428 2354 655 2409 quantas
691 2346 830 2395 acies
867 2354 1204 2408 stragemque
1241 2345 1467 2403 ciebunt,

100 2423 387 2487 aggeribus
424 2439 574 2471 socer
608 2424 810 2485 Alpinis
846 2431 1003 2485 atque
1039 2438 1156 2470 arce
1194 2423 1437 2470 Monoeci

100 2500 441 2558 descendenS,
481 2516 645 2562 gener
681 2501 916 2548 adversis
953 2505 1240 2547 instructus
1279 2499 1431 2546 Eois!

101 2584 182 2634 ne,
224 2583 387 2639 pueri,
429 2583 494 2624 ne
530 2584 680 2624 tanta
715 2576 902 2624 animis
940 2575 1235 2623 adsuescite
1260 2575 1396 2622 bella

102 2669 201 2701 neu
237 2653 437 2715 patriae
472 2652 674 2701 validas
710 2652 760 2700 in
797 2659 998 2701 viscera
1033 2652 1218 2700 vertite
1255 2658 1419 2709 vires;

100 2738 263 2793 tuque
299 2729 455 2792 prior,
496 2738 553 2778 tu
590 2746 761 2792 parce,
801 2746 970 2792 genus
1006 2736 1096 2792 qui
1131 2729 1278 2776 ducis
1315 2728 1562 2791 Olympo,

101 2806 279 2869 preice
314 2808 420 2855 tela
456 2817 631 2865 manu,
672 2807 890 2870 sanguis
927 2822 1074 2855 meus
1089 2808 1170 2853 !——

103 2880 185 2931 ille
221 2883 544 2946 triumphata
580 2883 840 2945 Capitolia
875 2883 941 2931 ad
977 2884 1084 2931 alta
1120 2882 1374 2931 Corintho

103 2960 270 3009 victor
304 2968 430 3023 aget
464 2977 672 3008 currum
709 2966 875 3008 caesis
911 2960 1133 3022 insignis
1170 2960 1395 3006 Achivis.

1673 513 1714 544 50

1675 897 1715 928 65

1678 1668 1719 1699 65

1679 2050 1719 2083 70

1680 2432 1720 2466 75

1679 2819 1721 2851 80
