<?xml version="1.0" encoding="UTF-8"?>
<!DOCTYPE html PUBLIC "-//W3C//DTD XHTML 1.0 Transitional//EN"
    "http://www.w3.org/TR/xhtml1/DTD/xhtml1-transitional.dtd">
<html xmlns="http://www.w3.org/1999/xhtml" xml:lang="en" lang="en">
 <head>
  <title>
</title>
<meta http-equiv="Content-Type" content="text/html;charset=utf-8" />
  <meta name='ocr-system' content='tesseract 3.04.00' />
  <meta name='ocr-capabilities' content='ocr_page ocr_carea ocr_par ocr_line ocrx_word'/>
</head>
<body>
  <div class='ocr_page' id='page_1' title='image "./excerptabrevia00joneuoft_0082.png"; bbox 0 0 1956 3242; ppageno 0'>
   <div class='ocr_carea' id='block_1_1' title="bbox 254 216 1341 283">
    <p class='ocr_par' dir='ltr' id='par_1_1' title="bbox 254 216 1341 283">
     <span class='ocr_line' id='line_1_1' title="bbox 254 216 1341 283; baseline -0.001 -14"><span class='ocrx_word' id='word_1_1' title='bbox 254 233 322 283; x_wconf 91' lang='lat'>70</span> <span class='ocrx_word' id='word_1_2' title='bbox 775 219 1080 281; x_wconf 87' lang='lat' dir='ltr'>Excerpta</span> <span class='ocrx_word' id='word_1_3' title='bbox 1121 216 1341 268; x_wconf 86' lang='lat' dir='ltr'>Brevia</span> 
     </span>
    </p>
   </div>
   <div class='ocr_carea' id='block_1_2' title="bbox 179 362 1858 2925">
    <p class='ocr_par' dir='ltr' id='par_1_2' title="bbox 179 362 1858 1350">
     <span class='ocr_line' id='line_1_2' title="bbox 255 362 1854 427; baseline 0.001 -17"><span class='ocrx_word' id='word_1_4' title='bbox 255 363 395 411; x_wconf 87' lang='lat' dir='ltr'>intra</span> <span class='ocrx_word' id='word_1_5' title='bbox 420 362 764 411; x_wconf 79' lang='lat' dir='ltr'>munitionem</span> <span class='ocrx_word' id='word_1_6' title='bbox 793 380 858 411; x_wconf 89' lang='lat' dir='ltr'>ex</span> <span class='ocrx_word' id='word_1_7' title='bbox 884 362 1130 411; x_wconf 92' lang='lat' dir='ltr'>omnibus</span> <span class='ocrx_word' id='word_1_8' title='bbox 1157 362 1398 424; x_wconf 86' lang='lat' dir='ltr'>partibus</span> <span class='ocrx_word' id='word_1_9' title='bbox 1418 363 1684 412; x_wconf 82' lang='lat' dir='ltr'>coniciunt</span> <span class='ocrx_word' id='word_1_10' title='bbox 1703 380 1854 427; x_wconf 89' lang='lat' dir='ltr'>prae-</span> 
     </span>
     <span class='ocr_line' id='line_1_3' title="bbox 254 441 1854 505; baseline 0 -15"><span class='ocrx_word' id='word_1_11' title='bbox 254 441 582 504; x_wconf 80' lang='lat' dir='ltr'>conibusque</span> <span class='ocrx_word' id='word_1_12' title='bbox 608 441 986 490; x_wconf 78' lang='lat' dir='ltr'>circummissis</span> <span class='ocrx_word' id='word_1_13' title='bbox 1017 441 1350 503; x_wconf 78' lang='lat' dir='ltr'>pronuntiari</span> <span class='ocrx_word' id='word_1_14' title='bbox 1379 441 1577 500; x_wconf 88' lang='lat' dir='ltr'>iubent,</span> <span class='ocrx_word' id='word_1_15' title='bbox 1608 458 1702 490; x_wconf 92' lang='lat' dir='ltr'>seu</span> <span class='ocrx_word' id='word_1_16' title='bbox 1733 442 1854 505; x_wconf 88' lang='lat' dir='ltr'>quis</span> 
     </span>
     <span class='ocr_line' id='line_1_4' title="bbox 179 518 1854 568; baseline 0.001 -2"><span class='ocrx_word' id='word_1_17' title='bbox 179 534 241 567; x_wconf 85' lang='lat'>250</span> <span class='ocrx_word' id='word_1_18' title='bbox 256 519 440 568; x_wconf 88' lang='lat' dir='ltr'>Gallus</span> <span class='ocrx_word' id='word_1_19' title='bbox 475 536 567 568; x_wconf 91' lang='lat' dir='ltr'>seu</span> <span class='ocrx_word' id='word_1_20' title='bbox 603 520 877 567; x_wconf 81' lang='lat' dir='ltr'>Romanus</span> <span class='ocrx_word' id='word_1_21' title='bbox 911 519 1037 567; x_wconf 88' lang='lat' dir='ltr'>velit</span> <span class='ocrx_word' id='word_1_22' title='bbox 1071 527 1194 567; x_wconf 91' lang='lat' dir='ltr'>ante</span> <span class='ocrx_word' id='word_1_23' title='bbox 1228 520 1414 568; x_wconf 80' lang='lat' dir='ltr'>horam</span> <span class='ocrx_word' id='word_1_24' title='bbox 1449 518 1658 568; x_wconf 85' lang='lat' dir='ltr'>tertiam</span> <span class='ocrx_word' id='word_1_25' title='bbox 1693 520 1761 568; x_wconf 89' lang='lat' dir='ltr'>ad</span> <span class='ocrx_word' id='word_1_26' title='bbox 1796 527 1854 568; x_wconf 90' lang='lat' dir='ltr'>se</span> 
     </span>
     <span class='ocr_line' id='line_1_5' title="bbox 254 597 1854 660; baseline 0.001 -15"><span class='ocrx_word' id='word_1_27' title='bbox 254 604 498 655; x_wconf 87' lang='lat' dir='ltr'>transire,</span> <span class='ocrx_word' id='word_1_28' title='bbox 524 597 637 645; x_wconf 91' lang='lat' dir='ltr'>sine</span> <span class='ocrx_word' id='word_1_29' title='bbox 662 597 896 659; x_wconf 84' lang='lat' dir='ltr'>periculo</span> <span class='ocrx_word' id='word_1_30' title='bbox 922 597 1103 656; x_wconf 90' lang='lat' dir='ltr'>licere余</span> <span class='ocrx_word' id='word_1_31' title='bbox 1144 605 1267 660; x_wconf 87' lang='lat' dir='ltr'>post</span> <span class='ocrx_word' id='word_1_32' title='bbox 1293 598 1344 646; x_wconf 92' lang='lat' dir='ltr'>id</span> <span class='ocrx_word' id='word_1_33' title='bbox 1370 605 1582 660; x_wconf 89' lang='lat' dir='ltr'>tempus</span> <span class='ocrx_word' id='word_1_34' title='bbox 1608 606 1715 647; x_wconf 80' lang='lat' dir='ltr'>non</span> <span class='ocrx_word' id='word_1_35' title='bbox 1742 598 1854 647; x_wconf 89' lang='lat' dir='ltr'>fore</span> 
     </span>
     <span class='ocr_line' id='line_1_6' title="bbox 253 679 1855 739; baseline 0.001 -16"><span class='ocrx_word' id='word_1_36' title='bbox 253 683 603 738; x_wconf 87' lang='lat' dir='ltr'>potestatem余</span> <span class='ocrx_word' id='word_1_37' title='bbox 654 692 716 723; x_wconf 90' lang='lat' dir='ltr'>ac</span> <span class='ocrx_word' id='word_1_38' title='bbox 759 682 834 724; x_wconf 88' lang='lat' dir='ltr'>sic</span> <span class='ocrx_word' id='word_1_39' title='bbox 876 683 1091 724; x_wconf 80' lang='lat' dir='ltr'>nostros</span> <span class='ocrx_word' id='word_1_40' title='bbox 1139 684 1591 739; x_wconf 88' lang='lat' dir='ltr'>contempserunt,</span> <span class='ocrx_word' id='word_1_41' title='bbox 1639 685 1714 736; x_wconf 89' lang='lat' dir='ltr'>ut,</span> <span class='ocrx_word' id='word_1_42' title='bbox 1763 679 1855 725; x_wconf 94' lang='lat' dir='ltr'>ob-</span> 
     </span>
     <span class='ocr_line' id='line_1_7' title="bbox 254 753 1854 818; baseline 0.001 -17"><span class='ocrx_word' id='word_1_43' title='bbox 254 760 470 801; x_wconf 80' lang='lat' dir='ltr'>structis</span> <span class='ocrx_word' id='word_1_44' title='bbox 520 753 571 799; x_wconf 92' lang='lat' dir='ltr'>in</span> <span class='ocrx_word' id='word_1_45' title='bbox 621 753 851 815; x_wconf 90' lang='lat' dir='ltr'>speciem</span> <span class='ocrx_word' id='word_1_46' title='bbox 906 760 1074 816; x_wconf 90' lang='lat' dir='ltr'>portis</span> <span class='ocrx_word' id='word_1_47' title='bbox 1129 754 1356 818; x_wconf 89' lang='lat' dir='ltr'>singulis</span> <span class='ocrx_word' id='word_1_48' title='bbox 1409 754 1683 803; x_wconf 73' lang='lat' dir='ltr'>Ordinibus</span> <span class='ocrx_word' id='word_1_49' title='bbox 1737 771 1854 803; x_wconf 92' lang='lat' dir='ltr'>cae-</span> 
     </span>
     <span class='ocr_line' id='line_1_8' title="bbox 255 831 1848 895; baseline 0.002 -17"><span class='ocrx_word' id='word_1_50' title='bbox 255 831 470 893; x_wconf 88' lang='lat' dir='ltr'>spitum,</span> <span class='ocrx_word' id='word_1_51' title='bbox 506 831 649 894; x_wconf 94' lang='lat' dir='ltr'>quod</span> <span class='ocrx_word' id='word_1_52' title='bbox 679 840 744 879; x_wconf 89' lang='lat' dir='ltr'>ea</span> <span class='ocrx_word' id='word_1_53' title='bbox 774 839 881 880; x_wconf 81' lang='lat' dir='ltr'>non</span> <span class='ocrx_word' id='word_1_54' title='bbox 912 849 1071 894; x_wconf 94' lang='lat' dir='ltr'>posse</span> <span class='ocrx_word' id='word_1_55' title='bbox 1102 832 1487 895; x_wconf 82' lang='lat' dir='ltr'>introrumpere</span> <span class='ocrx_word' id='word_1_56' title='bbox 1516 833 1848 891; x_wconf 89' lang='lat' dir='ltr'>videbantur,</span> 
     </span>
     <span class='ocr_line' id='line_1_9' title="bbox 179 909 1856 974; baseline 0.002 -17"><span class='ocrx_word' id='word_1_57' title='bbox 179 927 238 958; x_wconf 88' lang='lat'>255</span> <span class='ocrx_word' id='word_1_58' title='bbox 255 909 342 957; x_wconf 89' lang='lat' dir='ltr'>alii</span> <span class='ocrx_word' id='word_1_59' title='bbox 369 910 565 958; x_wconf 86' lang='lat' dir='ltr'>vallum</span> <span class='ocrx_word' id='word_1_60' title='bbox 594 921 753 957; x_wconf 76' lang='lat' dir='ltr'>manu</span> <span class='ocrx_word' id='word_1_61' title='bbox 781 910 1036 969; x_wconf 85' lang='lat' dir='ltr'>scindere,</span> <span class='ocrx_word' id='word_1_62' title='bbox 1063 911 1151 959; x_wconf 88' lang='lat' dir='ltr'>alii</span> <span class='ocrx_word' id='word_1_63' title='bbox 1176 911 1352 960; x_wconf 81' lang='lat' dir='ltr'>fossas</span> <span class='ocrx_word' id='word_1_64' title='bbox 1378 912 1642 974; x_wconf 91' lang='lat' dir='ltr'>complere</span> <span class='ocrx_word' id='word_1_65' title='bbox 1663 911 1856 974; x_wconf 89' lang='lat' dir='ltr'>incipe-</span> 
     </span>
     <span class='ocr_line' id='line_1_10' title="bbox 256 988 1858 1052; baseline 0.002 -18"><span class='ocrx_word' id='word_1_66' title='bbox 256 995 386 1035; x_wconf 90' lang='lat' dir='ltr'>rent.</span> <span class='ocrx_word' id='word_1_67' title='bbox 463 995 577 1035; x_wconf 90' lang='lat' dir='ltr'>turn</span> <span class='ocrx_word' id='word_1_68' title='bbox 627 988 827 1036; x_wconf 88' lang='lat' dir='ltr'>Caesar</span> <span class='ocrx_word' id='word_1_69' title='bbox 876 989 1123 1038; x_wconf 92' lang='lat' dir='ltr'>omnibus</span> <span class='ocrx_word' id='word_1_70' title='bbox 1172 996 1339 1052; x_wconf 90' lang='lat' dir='ltr'>portis</span> <span class='ocrx_word' id='word_1_71' title='bbox 1388 989 1665 1052; x_wconf 82' lang='lat' dir='ltr'>eruptione</span> <span class='ocrx_word' id='word_1_72' title='bbox 1714 989 1858 1038; x_wconf 88' lang='lat' dir='ltr'>facta</span> 
     </span>
     <span class='ocr_line' id='line_1_11' title="bbox 253 1065 1856 1131; baseline 0.001 -18"><span class='ocrx_word' id='word_1_73' title='bbox 253 1065 600 1129; x_wconf 81' lang='lat' dir='ltr'>equitatuque</span> <span class='ocrx_word' id='word_1_74' title='bbox 626 1073 825 1115; x_wconf 81' lang='lat' dir='ltr'>emisso</span> <span class='ocrx_word' id='word_1_75' title='bbox 855 1067 1092 1115; x_wconf 87' lang='lat' dir='ltr'>celeriter</span> <span class='ocrx_word' id='word_1_76' title='bbox 1122 1068 1306 1116; x_wconf 89' lang='lat' dir='ltr'>hostes</span> <span class='ocrx_word' id='word_1_77' title='bbox 1338 1066 1388 1114; x_wconf 92' lang='lat' dir='ltr'>in</span> <span class='ocrx_word' id='word_1_78' title='bbox 1419 1067 1605 1131; x_wconf 88' lang='lat' dir='ltr'>fugam</span> <span class='ocrx_word' id='word_1_79' title='bbox 1639 1067 1749 1126; x_wconf 85' lang='lat' dir='ltr'>dat,</span> <span class='ocrx_word' id='word_1_80' title='bbox 1780 1073 1856 1115; x_wconf 90' lang='lat' dir='ltr'>sic</span> 
     </span>
     <span class='ocr_line' id='line_1_12' title="bbox 254 1145 1856 1208; baseline 0.002 -18"><span class='ocrx_word' id='word_1_81' title='bbox 254 1151 331 1191; x_wconf 91' lang='lat' dir='ltr'>uti</span> <span class='ocrx_word' id='word_1_82' title='bbox 375 1151 592 1192; x_wconf 80' lang='lat' dir='ltr'>omnino</span> <span class='ocrx_word' id='word_1_83' title='bbox 635 1146 914 1208; x_wconf 80' lang='lat' dir='ltr'>pugnandi</span> <span class='ocrx_word' id='word_1_84' title='bbox 955 1154 1120 1194; x_wconf 91' lang='lat' dir='ltr'>causa</span> <span class='ocrx_word' id='word_1_85' title='bbox 1162 1145 1431 1194; x_wconf 88' lang='lat' dir='ltr'>resisteret</span> <span class='ocrx_word' id='word_1_86' title='bbox 1482 1152 1656 1204; x_wconf 79' lang='lat' dir='ltr'>nemo,</span> <span class='ocrx_word' id='word_1_87' title='bbox 1707 1153 1856 1208; x_wconf 89' lang='lat' dir='ltr'>mag-</span> 
     </span>
     <span class='ocr_line' id='line_1_13' title="bbox 256 1223 1856 1287; baseline 0.002 -19"><span class='ocrx_word' id='word_1_88' title='bbox 256 1239 488 1285; x_wconf 88' lang='lat' dir='ltr'>numque</span> <span class='ocrx_word' id='word_1_89' title='bbox 522 1239 588 1271; x_wconf 88' lang='lat' dir='ltr'>ex</span> <span class='ocrx_word' id='word_1_90' title='bbox 622 1230 697 1271; x_wconf 93' lang='lat' dir='ltr'>eis</span> <span class='ocrx_word' id='word_1_91' title='bbox 732 1240 1009 1272; x_wconf 90' lang='lat' dir='ltr'>numerum</span> <span class='ocrx_word' id='word_1_92' title='bbox 1044 1223 1237 1273; x_wconf 90' lang='lat' dir='ltr'>occidit</span> <span class='ocrx_word' id='word_1_93' title='bbox 1271 1231 1432 1287; x_wconf 90' lang='lat' dir='ltr'>atque</span> <span class='ocrx_word' id='word_1_94' title='bbox 1469 1231 1656 1272; x_wconf 90' lang='lat' dir='ltr'>omnes</span> <span class='ocrx_word' id='word_1_95' title='bbox 1693 1230 1856 1271; x_wconf 89' lang='lat' dir='ltr'>armis</span> 
     </span>
     <span class='ocr_line' id='line_1_14' title="bbox 179 1301 418 1350; baseline -0.004 -1"><span class='ocrx_word' id='word_1_96' title='bbox 179 1318 241 1350; x_wconf 85' lang='grc'>200</span> <span class='ocrx_word' id='word_1_97' title='bbox 256 1301 418 1348; x_wconf 88' lang='lat' dir='ltr'>exuit.</span> 
     </span>
    </p>

    <p class='ocr_par' dir='ltr' id='par_1_3' title="bbox 255 1378 1857 1676">
     <span class='ocr_line' id='line_1_15' title="bbox 327 1378 1857 1443; baseline 0.001 -17"><span class='ocrx_word' id='word_1_98' title='bbox 327 1378 566 1442; x_wconf 86' lang='lat' dir='ltr'>Longius</span> <span class='ocrx_word' id='word_1_99' title='bbox 603 1386 855 1443; x_wconf 82' lang='lat' dir='ltr'>prosequi</span> <span class='ocrx_word' id='word_1_100' title='bbox 890 1379 1107 1438; x_wconf 88' lang='lat' dir='ltr'>veritus,</span> <span class='ocrx_word' id='word_1_101' title='bbox 1146 1379 1289 1442; x_wconf 91' lang='lat' dir='ltr'>quod</span> <span class='ocrx_word' id='word_1_102' title='bbox 1327 1379 1492 1428; x_wconf 90' lang='lat' dir='ltr'>silvae</span> <span class='ocrx_word' id='word_1_103' title='bbox 1529 1379 1857 1442; x_wconf 75' lang='lat' dir='ltr'>paludesque</span> 
     </span>
     <span class='ocr_line' id='line_1_16' title="bbox 256 1455 1855 1520; baseline 0.001 -17"><span class='ocrx_word' id='word_1_104' title='bbox 256 1455 655 1506; x_wconf 77' lang='lat' dir='ltr'>intercedebant</span> <span class='ocrx_word' id='word_1_105' title='bbox 681 1474 851 1520; x_wconf 89' lang='lat' dir='ltr'>neque</span> <span class='ocrx_word' id='word_1_106' title='bbox 876 1457 1036 1506; x_wconf 88' lang='lat' dir='ltr'>etiam</span> <span class='ocrx_word' id='word_1_107' title='bbox 1063 1458 1285 1520; x_wconf 77' lang='lat' dir='ltr'>parvule</span> <span class='ocrx_word' id='word_1_108' title='bbox 1305 1457 1626 1505; x_wconf 84' lang='lat' dir='ltr'>detrimento</span> <span class='ocrx_word' id='word_1_109' title='bbox 1646 1456 1855 1505; x_wconf 85' lang='lat' dir='ltr'>illorum</span> 
     </span>
     <span class='ocr_line' id='line_1_17' title="bbox 255 1534 1854 1598; baseline 0 -15"><span class='ocrx_word' id='word_1_110' title='bbox 255 1535 429 1583; x_wconf 92' lang='lat' dir='ltr'>locum</span> <span class='ocrx_word' id='word_1_111' title='bbox 480 1535 703 1598; x_wconf 89' lang='lat' dir='ltr'>relinqui</span> <span class='ocrx_word' id='word_1_112' title='bbox 751 1535 987 1595; x_wconf 88' lang='lat' dir='ltr'>videbat,</span> <span class='ocrx_word' id='word_1_113' title='bbox 1041 1535 1288 1584; x_wconf 90' lang='lat' dir='ltr'>omnibus</span> <span class='ocrx_word' id='word_1_114' title='bbox 1337 1542 1449 1583; x_wconf 90' lang='lat' dir='ltr'>suis</span> <span class='ocrx_word' id='word_1_115' title='bbox 1498 1534 1854 1584; x_wconf 89' lang='lat' dir='ltr'>incolumibus</span> 
     </span>
     <span class='ocr_line' id='line_1_18' title="bbox 257 1613 1857 1676; baseline -0.001 -14"><span class='ocrx_word' id='word_1_116' title='bbox 257 1613 425 1676; x_wconf 83' lang='lat' dir='ltr'>copiis</span> <span class='ocrx_word' id='word_1_117' title='bbox 456 1614 646 1662; x_wconf 83' lang='lat' dir='ltr'>eodem</span> <span class='ocrx_word' id='word_1_118' title='bbox 681 1614 765 1663; x_wconf 93' lang='lat' dir='ltr'>die</span> <span class='ocrx_word' id='word_1_119' title='bbox 799 1614 867 1662; x_wconf 86' lang='lat' dir='ltr'>ad</span> <span class='ocrx_word' id='word_1_120' title='bbox 901 1613 1211 1663; x_wconf 80' lang='lat' dir='ltr'>Ciceronem</span> <span class='ocrx_word' id='word_1_121' title='bbox 1246 1613 1503 1676; x_wconf 88' lang='lat' dir='ltr'>pervenit.</span> <span class='ocrx_word' id='word_1_122' title='bbox 1582 1613 1857 1662; x_wconf 83' lang='lat' dir='ltr'>institutas</span> 
     </span>
    </p>

    <p class='ocr_par' dir='ltr' id='par_1_4' title="bbox 181 1691 1858 2068">
     <span class='ocr_line' id='line_1_19' title="bbox 181 1691 1856 1755; baseline -0.002 -14"><span class='ocrx_word' id='word_1_123' title='bbox 181 1710 241 1742; x_wconf 84' lang='lat'>265</span> <span class='ocrx_word' id='word_1_124' title='bbox 258 1699 451 1750; x_wconf 89' lang='lat' dir='ltr'>turres,</span> <span class='ocrx_word' id='word_1_125' title='bbox 481 1691 778 1741; x_wconf 76' lang='lat' dir='ltr'>testudines</span> <span class='ocrx_word' id='word_1_126' title='bbox 810 1692 1237 1755; x_wconf 79' lang='lat' dir='ltr'>munitionesque</span> <span class='ocrx_word' id='word_1_127' title='bbox 1267 1691 1501 1740; x_wconf 89' lang='lat' dir='ltr'>hostium</span> <span class='ocrx_word' id='word_1_128' title='bbox 1536 1692 1856 1750; x_wconf 90' lang='lat' dir='ltr'>admiratur余</span> 
     </span>
     <span class='ocr_line' id='line_1_20' title="bbox 257 1770 1858 1834; baseline 0 -16"><span class='ocrx_word' id='word_1_129' title='bbox 257 1770 470 1834; x_wconf 83' lang='lat' dir='ltr'>legione</span> <span class='ocrx_word' id='word_1_130' title='bbox 508 1771 770 1832; x_wconf 80' lang='lat' dir='ltr'>producta</span> <span class='ocrx_word' id='word_1_131' title='bbox 805 1770 1103 1834; x_wconf 82' lang='lat' dir='ltr'>cognoscit,</span> <span class='ocrx_word' id='word_1_132' title='bbox 1145 1778 1251 1819; x_wconf 85' lang='lat' dir='ltr'>non</span> <span class='ocrx_word' id='word_1_133' title='bbox 1290 1770 1553 1818; x_wconf 90' lang='lat' dir='ltr'>decimum</span> <span class='ocrx_word' id='word_1_134' title='bbox 1595 1786 1858 1833; x_wconf 84' lang='lat' dir='ltr'>quemque</span> 
     </span>
     <span class='ocr_line' id='line_1_21' title="bbox 257 1848 1858 1911; baseline -0.001 -14"><span class='ocrx_word' id='word_1_135' title='bbox 257 1865 376 1898; x_wconf 91' lang='lat' dir='ltr'>esse</span> <span class='ocrx_word' id='word_1_136' title='bbox 410 1848 669 1911; x_wconf 89' lang='lat' dir='ltr'>reliquum</span> <span class='ocrx_word' id='word_1_137' title='bbox 706 1848 923 1896; x_wconf 91' lang='lat' dir='ltr'>militem</span> <span class='ocrx_word' id='word_1_138' title='bbox 962 1848 1075 1897; x_wconf 91' lang='lat' dir='ltr'>sine</span> <span class='ocrx_word' id='word_1_139' title='bbox 1112 1849 1351 1897; x_wconf 88' lang='lat' dir='ltr'>volnere:</span> <span class='ocrx_word' id='word_1_140' title='bbox 1391 1864 1457 1896; x_wconf 88' lang='lat' dir='ltr'>ex</span> <span class='ocrx_word' id='word_1_141' title='bbox 1494 1848 1575 1896; x_wconf 91' lang='lat' dir='ltr'>his</span> <span class='ocrx_word' id='word_1_142' title='bbox 1612 1848 1858 1897; x_wconf 89' lang='lat' dir='ltr'>omnibus</span> 
     </span>
     <span class='ocr_line' id='line_1_22' title="bbox 258 1926 1857 1990; baseline -0.001 -15"><span class='ocrx_word' id='word_1_143' title='bbox 258 1926 457 1975; x_wconf 77' lang='lat' dir='ltr'>iudicat</span> <span class='ocrx_word' id='word_1_144' title='bbox 500 1928 675 1985; x_wconf 92' lang='lat' dir='ltr'>rebus,</span> <span class='ocrx_word' id='word_1_145' title='bbox 717 1934 920 1990; x_wconf 85' lang='lat' dir='ltr'>quanto</span> <span class='ocrx_word' id='word_1_146' title='bbox 961 1943 1081 1975; x_wconf 90' lang='lat' dir='ltr'>curn</span> <span class='ocrx_word' id='word_1_147' title='bbox 1126 1927 1359 1989; x_wconf 84' lang='lat' dir='ltr'>periculo</span> <span class='ocrx_word' id='word_1_148' title='bbox 1401 1933 1454 1974; x_wconf 90' lang='lat' dir='ltr'>et</span> <span class='ocrx_word' id='word_1_149' title='bbox 1495 1934 1697 1990; x_wconf 90' lang='lat' dir='ltr'>quanta</span> <span class='ocrx_word' id='word_1_150' title='bbox 1738 1943 1857 1975; x_wconf 91' lang='lat' dir='ltr'>cum</span> 
     </span>
     <span class='ocr_line' id='line_1_23' title="bbox 257 2004 1858 2068; baseline 0.001 -17"><span class='ocrx_word' id='word_1_151' title='bbox 257 2004 454 2054; x_wconf 71' lang='lat' dir='ltr'>virtute</span> <span class='ocrx_word' id='word_1_152' title='bbox 491 2012 575 2054; x_wconf 89' lang='lat' dir='ltr'>res</span> <span class='ocrx_word' id='word_1_153' title='bbox 619 2004 725 2052; x_wconf 90' lang='lat' dir='ltr'>sint</span> <span class='ocrx_word' id='word_1_154' title='bbox 767 2005 1185 2053; x_wconf 65' lang='lat' dir='ltr'>administratae.</span> <span class='ocrx_word' id='word_1_155' title='bbox 1263 2004 1573 2053; x_wconf 80' lang='lat' dir='ltr'>Ciceronem</span> <span class='ocrx_word' id='word_1_156' title='bbox 1610 2012 1707 2068; x_wconf 81' lang='lat' dir='ltr'>pro</span> <span class='ocrx_word' id='word_1_157' title='bbox 1744 2004 1858 2054; x_wconf 89' lang='lat' dir='ltr'>eius</span> 
     </span>
    </p>

    <p class='ocr_par' dir='ltr' id='par_1_5' title="bbox 181 2082 1858 2459">
     <span class='ocr_line' id='line_1_24' title="bbox 181 2082 1858 2147; baseline -0.002 -12"><span class='ocrx_word' id='word_1_158' title='bbox 181 2100 243 2137; x_wconf 78' lang='lat'>270</span> <span class='ocrx_word' id='word_1_159' title='bbox 259 2083 449 2132; x_wconf 81' lang='lat' dir='ltr'>merito</span> <span class='ocrx_word' id='word_1_160' title='bbox 469 2082 841 2147; x_wconf 82' lang='lat' dir='ltr'>legionemque</span> <span class='ocrx_word' id='word_1_161' title='bbox 860 2083 1155 2141; x_wconf 85' lang='lat' dir='ltr'>collaudat余</span> <span class='ocrx_word' id='word_1_162' title='bbox 1190 2083 1527 2132; x_wconf 82' lang='lat' dir='ltr'>centuriones</span> <span class='ocrx_word' id='word_1_163' title='bbox 1549 2083 1858 2147; x_wconf 77' lang='lat' dir='ltr'>singillatim</span> 
     </span>
     <span class='ocr_line' id='line_1_25' title="bbox 258 2160 1857 2226; baseline 0.001 -17"><span class='ocrx_word' id='word_1_164' title='bbox 258 2160 610 2224; x_wconf 73' lang='lat' dir='ltr'>tribunosque</span> <span class='ocrx_word' id='word_1_165' title='bbox 678 2161 903 2209; x_wconf 90' lang='lat' dir='ltr'>militum</span> <span class='ocrx_word' id='word_1_166' title='bbox 971 2161 1221 2224; x_wconf 88' lang='lat' dir='ltr'>appellat,</span> <span class='ocrx_word' id='word_1_167' title='bbox 1290 2168 1516 2224; x_wconf 80' lang='lat' dir='ltr'>quorum</span> <span class='ocrx_word' id='word_1_168' title='bbox 1581 2161 1857 2226; x_wconf 86' lang='lat' dir='ltr'>egregiam</span> 
     </span>
     <span class='ocr_line' id='line_1_26' title="bbox 258 2238 1858 2302; baseline 0.001 -16"><span class='ocrx_word' id='word_1_169' title='bbox 258 2238 423 2287; x_wconf 88' lang='lat' dir='ltr'>fuisse</span> <span class='ocrx_word' id='word_1_170' title='bbox 464 2238 716 2287; x_wconf 82' lang='lat' dir='ltr'>virtutem</span> <span class='ocrx_word' id='word_1_171' title='bbox 754 2238 1065 2288; x_wconf 81' lang='lat' dir='ltr'>testimonio</span> <span class='ocrx_word' id='word_1_172' title='bbox 1108 2238 1381 2287; x_wconf 80' lang='lat' dir='ltr'>Ciceronis</span> <span class='ocrx_word' id='word_1_173' title='bbox 1424 2246 1756 2302; x_wconf 83' lang='lat' dir='ltr'>cognoverat</span> <span class='ocrx_word' id='word_1_174' title='bbox 1792 2239 1858 2288; x_wconf 89' lang='lat' dir='ltr'>de</span> 
     </span>
     <span class='ocr_line' id='line_1_27' title="bbox 258 2317 1850 2381; baseline 0 -16"><span class='ocrx_word' id='word_1_175' title='bbox 258 2325 388 2365; x_wconf 79' lang='lat' dir='ltr'>casu</span> <span class='ocrx_word' id='word_1_176' title='bbox 425 2317 609 2365; x_wconf 88' lang='lat' dir='ltr'>Sabini</span> <span class='ocrx_word' id='word_1_177' title='bbox 641 2323 694 2366; x_wconf 91' lang='lat' dir='ltr'>et</span> <span class='ocrx_word' id='word_1_178' title='bbox 730 2317 922 2365; x_wconf 90' lang='lat' dir='ltr'>Cottae</span> <span class='ocrx_word' id='word_1_179' title='bbox 958 2317 1154 2365; x_wconf 86' lang='lat' dir='ltr'>certius</span> <span class='ocrx_word' id='word_1_180' title='bbox 1192 2334 1257 2366; x_wconf 87' lang='lat' dir='ltr'>ex</span> <span class='ocrx_word' id='word_1_181' title='bbox 1293 2323 1518 2379; x_wconf 90' lang='lat' dir='ltr'>captivis</span> <span class='ocrx_word' id='word_1_182' title='bbox 1553 2317 1850 2381; x_wconf 80' lang='lat' dir='ltr'>cognoscit.</span> 
     </span>
     <span class='ocr_line' id='line_1_28' title="bbox 260 2394 1852 2459; baseline 0.001 -17"><span class='ocrx_word' id='word_1_183' title='bbox 260 2401 476 2456; x_wconf 78' lang='lat' dir='ltr'>postero</span> <span class='ocrx_word' id='word_1_184' title='bbox 518 2394 603 2443; x_wconf 91' lang='lat' dir='ltr'>die</span> <span class='ocrx_word' id='word_1_185' title='bbox 645 2394 895 2444; x_wconf 82' lang='lat' dir='ltr'>contione</span> <span class='ocrx_word' id='word_1_186' title='bbox 937 2395 1122 2444; x_wconf 90' lang='lat' dir='ltr'>habita</span> <span class='ocrx_word' id='word_1_187' title='bbox 1164 2412 1273 2444; x_wconf 90' lang='lat' dir='ltr'>rem</span> <span class='ocrx_word' id='word_1_188' title='bbox 1322 2403 1534 2459; x_wconf 90' lang='lat' dir='ltr'>gestam</span> <span class='ocrx_word' id='word_1_189' title='bbox 1583 2395 1852 2458; x_wconf 80' lang='lat' dir='ltr'>proponit,</span> 
     </span>
    </p>

    <p class='ocr_par' dir='ltr' id='par_1_6' title="bbox 183 2472 1858 2849">
     <span class='ocr_line' id='line_1_29' title="bbox 183 2472 1858 2536; baseline 0.002 -18"><span class='ocrx_word' id='word_1_190' title='bbox 183 2490 244 2525; x_wconf 83' lang='lat'>275</span> <span class='ocrx_word' id='word_1_191' title='bbox 261 2472 454 2521; x_wconf 87' lang='lat' dir='ltr'>milites</span> <span class='ocrx_word' id='word_1_192' title='bbox 496 2473 806 2521; x_wconf 82' lang='lat' dir='ltr'>consolatur</span> <span class='ocrx_word' id='word_1_193' title='bbox 847 2480 900 2521; x_wconf 89' lang='lat' dir='ltr'>et</span> <span class='ocrx_word' id='word_1_194' title='bbox 940 2473 1255 2522; x_wconf 81' lang='lat' dir='ltr'>confirmat:</span> <span class='ocrx_word' id='word_1_195' title='bbox 1300 2474 1443 2536; x_wconf 94' lang='lat' dir='ltr'>quod</span> <span class='ocrx_word' id='word_1_196' title='bbox 1480 2474 1858 2523; x_wconf 85' lang='lat' dir='ltr'>detrimentum</span> 
     </span>
     <span class='ocr_line' id='line_1_30' title="bbox 259 2550 1858 2615; baseline 0.002 -18"><span class='ocrx_word' id='word_1_197' title='bbox 259 2551 418 2612; x_wconf 88' lang='lat' dir='ltr'>culpa</span> <span class='ocrx_word' id='word_1_198' title='bbox 442 2557 495 2598; x_wconf 89' lang='lat' dir='ltr'>et</span> <span class='ocrx_word' id='word_1_199' title='bbox 525 2550 825 2599; x_wconf 79' lang='lat' dir='ltr'>temeritate</span> <span class='ocrx_word' id='word_1_200' title='bbox 854 2551 1022 2614; x_wconf 88' lang='lat' dir='ltr'>legati</span> <span class='ocrx_word' id='word_1_201' title='bbox 1052 2551 1121 2599; x_wconf 91' lang='lat' dir='ltr'>sit</span> <span class='ocrx_word' id='word_1_202' title='bbox 1152 2559 1447 2614; x_wconf 90' lang='lat' dir='ltr'>acceptum,</span> <span class='ocrx_word' id='word_1_203' title='bbox 1478 2551 1579 2600; x_wconf 80' lang='lat' dir='ltr'>hoc</span> <span class='ocrx_word' id='word_1_204' title='bbox 1610 2551 1858 2615; x_wconf 79' lang='lat' dir='ltr'>aequiore</span> 
     </span>
     <span class='ocr_line' id='line_1_31' title="bbox 260 2627 1857 2692; baseline 0.002 -17"><span class='ocrx_word' id='word_1_205' title='bbox 260 2628 440 2676; x_wconf 78' lang='lat' dir='ltr'>animo</span> <span class='ocrx_word' id='word_1_206' title='bbox 480 2627 755 2676; x_wconf 87' lang='lat' dir='ltr'>ferendum</span> <span class='ocrx_word' id='word_1_207' title='bbox 798 2629 970 2688; x_wconf 87' lang='lat' dir='ltr'>docet,</span> <span class='ocrx_word' id='word_1_208' title='bbox 1012 2629 1156 2692; x_wconf 92' lang='lat' dir='ltr'>quod</span> <span class='ocrx_word' id='word_1_209' title='bbox 1198 2629 1455 2678; x_wconf 80' lang='lat' dir='ltr'>beneficio</span> <span class='ocrx_word' id='word_1_210' title='bbox 1498 2629 1720 2678; x_wconf 80' lang='lat' dir='ltr'>deorum</span> <span class='ocrx_word' id='word_1_211' title='bbox 1763 2629 1857 2677; x_wconf 86' lang='lat' dir='ltr'>im-</span> 
     </span>
     <span class='ocr_line' id='line_1_32' title="bbox 261 2705 1850 2770; baseline 0.001 -16"><span class='ocrx_word' id='word_1_212' title='bbox 261 2705 564 2755; x_wconf 90' lang='lat' dir='ltr'>mortalium</span> <span class='ocrx_word' id='word_1_213' title='bbox 624 2714 677 2754; x_wconf 89' lang='lat' dir='ltr'>et</span> <span class='ocrx_word' id='word_1_214' title='bbox 736 2706 931 2755; x_wconf 82' lang='lat' dir='ltr'>virtute</span> <span class='ocrx_word' id='word_1_215' title='bbox 984 2714 1169 2756; x_wconf 83' lang='lat' dir='ltr'>eorum</span> <span class='ocrx_word' id='word_1_216' title='bbox 1224 2707 1439 2770; x_wconf 84' lang='lat' dir='ltr'>expiato</span> <span class='ocrx_word' id='word_1_217' title='bbox 1493 2707 1850 2765; x_wconf 77' lang='lat' dir='ltr'>incommodo,</span> 
     </span>
     <span class='ocr_line' id='line_1_33' title="bbox 262 2783 1857 2849; baseline 0 -17"><span class='ocrx_word' id='word_1_218' title='bbox 262 2800 431 2847; x_wconf 87' lang='lat' dir='ltr'>neque</span> <span class='ocrx_word' id='word_1_219' title='bbox 474 2783 718 2833; x_wconf 89' lang='lat' dir='ltr'>hostibus</span> <span class='ocrx_word' id='word_1_220' title='bbox 755 2784 960 2833; x_wconf 79' lang='lat' dir='ltr'>diutina</span> <span class='ocrx_word' id='word_1_221' title='bbox 1001 2784 1220 2835; x_wconf 80' lang='lat' dir='ltr'>laetatio</span> <span class='ocrx_word' id='word_1_222' title='bbox 1262 2802 1432 2849; x_wconf 91' lang='lat' dir='ltr'>neque</span> <span class='ocrx_word' id='word_1_223' title='bbox 1475 2785 1605 2848; x_wconf 91' lang='lat' dir='ltr'>ipsis</span> <span class='ocrx_word' id='word_1_224' title='bbox 1648 2783 1857 2848; x_wconf 92' lang='lat' dir='ltr'>longior</span> 
     </span>
    </p>

    <p class='ocr_par' dir='ltr' id='par_1_7' title="bbox 184 2862 791 2925">
     <span class='ocr_line' id='line_1_34' title="bbox 184 2862 791 2925; baseline 0 -16"><span class='ocrx_word' id='word_1_225' title='bbox 184 2883 247 2916; x_wconf 72' lang='lat'>230</span> <span class='ocrx_word' id='word_1_226' title='bbox 262 2863 413 2911; x_wconf 93' lang='lat' dir='ltr'>dolor</span> <span class='ocrx_word' id='word_1_227' title='bbox 449 2862 791 2925; x_wconf 87' lang='lat' dir='ltr'>relinquatur.</span> 
     </span>
    </p>
   </div>
  </div>
 </body>
</html>
