1956 3242
610 236 908 298 Excerpta
946 234 1162 284 Brevia
1599 231 1665 298 83

102 373 345 434 quotiens
387 381 491 426 ,nen
533 375 791 433 addimus,
835 374 984 424 cuius
1026 374 1093 423 sit
1134 374 1380 433 civitatis,
1427 381 1665 423 nostrum

102 449 182 497 ius
230 451 617 513 significamus:
677 452 831 500 sicuti
877 467 996 500 cum
1043 459 1255 514 poetam
1303 451 1524 500 dicimus
1571 467 1667 500 nec

101 527 342 575 addimus
379 536 585 586 nomen,
627 530 938 577 subauditur
973 529 1112 591 apud
1148 529 1379 577 Graeces
1416 528 1666 592 egregius

103 604 385 662 Homerus,
426 605 566 667 apud
601 612 699 653 nos
734 605 1016 668 Vergilius.
1098 605 1178 653 ius
1215 613 1391 654 autem
1427 605 1665 668 gentium

99 687 241 728 omni
282 682 513 729 humane
550 689 730 744 generi
767 693 1043 730 commune
1082 689 1177 730 est.
1254 699 1376 730 narn
1417 693 1517 730 usu
1560 682 1665 730 exi·
1680 697 1722 728 45

97 764 256 819 gente
303 764 355 805 et
410 758 653 806 humanis
702 758 1103 807 necessitatibus
1159 765 1348 822 gentes
1403 759 1665 807 humanae

98 834 357 895 quaedam
394 834 492 883 sibi
527 835 941 884 censtituerunt:
991 837 1126 884 bella
1161 835 1352 884 etenim
1388 843 1506 883 orta
1542 843 1665 884 sunt

98 917 149 956 et
184 910 521 971 captivitates
558 919 770 959 secutae
806 919 858 959 et
894 911 1192 970 servitutes,
1230 927 1366 974 quae
1398 919 1522 959 sunt
1555 912 1665 961 iure

98 988 323 1034 naturali
354 988 421 1034 ab
453 987 600 1036 initio
630 995 813 1036 omnes
846 988 1082 1036 homines
1114 989 1260 1037 liberi
1290 990 1657 1037 nascebantur.

97 1077 160 1108 ex
198 1062 299 1111 hoc
334 1063 443 1112 iure
473 1064 711 1127 gentium
742 1072 794 1113 et
829 1073 1012 1114 omnes
1049 1081 1214 1128 paene
1248 1072 1552 1114 contractus
1589 1065 1719 1115 in-5o

97 1139 327 1187 troducti
359 1147 498 1198 sunt,
533 1147 592 1189 ut
624 1141 820 1203 emptio
852 1141 1099 1200 venditio,
1137 1141 1329 1190 locatie
1360 1142 1657 1199 conductio,

97 1215 344 1275 societas,
382 1217 697 1279 depositum,
736 1226 975 1266 mutuum
1012 1225 1064 1267 et
1099 1218 1187 1266 alii
1222 1219 1639 1268 innumerabiles.

844 1372 909 1423 68

119 1480 482 1528 PREms’romc
518 1494 628 1528 AND
667 1481 933 1529 H15TOR1c
972 1481 1247 1529 RoME-A
1283 1482 1639 1529 COMPAR1soN

98 1599 214 1647 Hoc
238 1599 605 1662 quodcumque
624 1599 789 1658 vides,
814 1600 1024 1661 hospes,
1049 1615 1207 1662 quam
1234 1599 1465 1648 maxima
1491 1600 1660 1648 Rema

226 1683 323 1733 est,

161 1759 282 1800 ante
319 1752 580 1816 Phrygem
616 1753 830 1801 Aenean
867 1753 1014 1800 collis
1050 1760 1102 1800 et
1139 1753 1299 1801 herba
1333 1753 1457 1810 fuit3

95 1836 252 1890 atque
288 1829 376 1877 ubi
411 1830 586 1878 navali
621 1836 766 1877 stant
802 1845 955 1877 sacra
991 1829 1193 1878 Palatia
1230 1831 1461 1889 Phoebo,

164 1905 395 1952 Euandri
429 1906 687 1968 profugae
723 1907 1050 1953 concubuere
1086 1907 1264 1954 boves.

95 1980 338 2029 fictilibus
374 1989 584 2030 crevere
619 1982 730 2029 deis
767 1983 897 2029 haec
932 1998 1091 2030 aurea
1125 1983 1338 2044 templa,
1656 2000 1696 2049 '5

162 2073 255 2105 nec
290 2057 388 2105 fuit
423 2058 678 2120 opprobio
713 2058 854 2106 facta
890 2058 1000 2106 sine
1037 2066 1148 2107 arte
1183 2074 1336 2116 casa;

94 2134 453 2197 Tarpeiusque
489 2142 638 2196 pater
673 2135 816 2182 nuda
850 2135 915 2182 de
953 2146 1079 2197 rupe
1115 2138 1351 2194 tonabat,

161 2217 212 2258 et
248 2211 449 2259 Tiberis
486 2217 681 2259 nostris
718 2211 923 2259 advena
958 2213 1128 2260 bubus
1165 2220 1292 2260 erat.

94 2296 200 2349 qua
234 2287 487 2350 gradibus
523 2288 711 2336 domus
747 2287 850 2336 ista
888 2288 1038 2336 Remi
1074 2296 1130 2336 se
1167 2290 1395 2347 sustulit,
1437 2289 1559 2338 olim

161 2374 296 2411 unus
333 2371 444 2412 erat
479 2364 698 2412 fratrum
736 2364 966 2412 maxima
1002 2373 1167 2427 regna
1202 2366 1364 2414 focus.
1673 2384 1713 2414 10

94 2439 238 2487 curia
273 2447 546 2501 praetexte
580 2457 716 2503 quae
752 2458 888 2490 nunc
924 2442 1054 2490 nitet
1089 2443 1197 2490 alta
1235 2451 1438 2501 senatu,

161 2517 366 2578 pellites
403 2517 601 2574 habuit,
643 2518 839 2567 rustica
873 2520 1048 2576 corda,
1091 2520 1289 2567 Patres.

95 2593 284 2641 bucina
318 2595 545 2656 cogebat
580 2601 783 2656 priscos
820 2596 886 2642 ad
923 2597 1083 2643 verba
1119 2596 1379 2658 Quirites:

160 2677 368 2718 centurn
406 2670 477 2717 illi
512 2670 563 2718 in
599 2679 752 2733 prate
788 2688 944 2734 saepe
980 2680 1196 2720 senatus
1232 2681 1359 2721 erat.

95 2762 188 2794 nec
225 2746 439 2795 Sinuesa
473 2755 606 2795 cave
642 2749 939 2809 pendebant
974 2751 1090 2798 vela
1126 2751 1353 2809 theatro,
1671 2768 1710 2800 15

161 2822 361 2884 pulpita
396 2823 675 2871 sollemnes
711 2832 817 2872 nen
854 2826 1028 2873 oluere
1063 2834 1263 2875 crocos.

94 2899 220 2947 nulli
255 2911 381 2948 cura
416 2900 513 2947 fuit
549 2907 793 2949 externus
829 2918 1076 2965 quaerere
1112 2904 1290 2962 divos3

160 2993 278 3025 cum
315 2985 559 3025 tremeret
595 2978 767 3039 patrie
803 2980 1030 3041 pendula
1064 2983 1219 3029 turba
1255 2990 1422 3037 sacro,
