1956 3242
560 166 860 232 Excerpta
898 166 1115 218 Brevia
1560 186 1618 237 15

801 337 869 388 30

395 457 455 505 C.
497 457 717 506 Pmmus
755 458 1056 511 SABl'mKNo
1089 463 1195 507 suo
1230 471 1273 505 S.

119 587 358 635 Libertus
393 593 534 645 tuus,
569 593 653 635 cui
685 593 992 636 suscensere
1026 593 1080 635 te
1116 587 1341 645 dixeras,
1377 587 1520 636 venit
1551 589 1618 637 ad

50 671 133 712 me
166 665 551 726 advolutusque
583 663 804 726 pedibus
837 670 966 712 meis
999 671 1252 727 tanquam
1284 670 1389 712 tuis
1426 665 1611 713 haesit.

50 740 191 788 flevit
217 741 456 798 multum,
486 742 707 788 multum
734 741 958 803 rogavit,
989 741 1210 788 multum
1241 740 1399 789 etiam
1424 741 1616 798 tacuit;

49 817 100 865 in
126 825 349 875 summa,
378 817 502 865 fecit
526 817 650 864 mihi
679 817 834 865 fidem
865 817 1229 879 paenitentiae.
1305 824 1430 865 vere
1460 819 1618 865 credo

49 895 400 952 emendatum,
425 894 548 956 quia
566 894 849 956 deliquisse
874 901 932 942 se
952 894 1126 942 sentit.
1203 895 1460 952 irasceris,
1485 895 1612 952 scio,
1633 911 1654 943 6

48 979 100 1020 et
118 971 358 1019 iresceris
378 971 581 1030 merito,
605 970 656 1018 id
676 986 884 1034 quoque
904 971 1042 1019 scio:
1081 972 1173 1019 sed
1192 978 1318 1019 tunc
1338 971 1618 1034 praecipua

48 1047 467 1096 mansuetndinis
503 1048 635 1106 laus,
676 1063 795 1095 cum
837 1053 943 1095 irae
986 1063 1148 1096 causa
1190 1047 1480 1095 iustissima
1514 1058 1610 1097 est.

48 1131 241 1172 amasti
265 1124 527 1173 hominem
553 1132 622 1182 et,
647 1131 821 1186 spero,
846 1124 1075 1172 amabis:
1114 1124 1317 1171 interim
1345 1125 1534 1173 sufficit
1559 1133 1617 1173 ut

47 1207 253 1250 exorari
289 1207 342 1249 te
380 1201 541 1249 sinas.
615 1200 790 1248 licebit
832 1211 1011 1248 rursus
1050 1206 1223 1259 irasci,
1267 1207 1313 1248 si
1350 1203 1611 1259 meruerit,

47 1279 188 1341 quod
247 1284 497 1326 exoratus
555 1277 858 1326 excusatius
910 1277 1086 1325 facies.
1163 1283 1368 1325 remItte
1421 1278 1615 1340 aliquid
1632 1295 1673 1326 10

46 1355 433 1403 adulescentiae
470 1353 652 1416 ipsius,
691 1359 895 1401 remitte
931 1353 1174 1411 lacrimis,
1211 1360 1415 1401 remitte
1452 1354 1617 1402 indul-

45 1432 256 1494 gentiae
285 1439 434 1479 tuae:
472 1438 537 1479 ne
569 1436 786 1479 torseris
820 1431 979 1487 illum,
1016 1437 1080 1478 ne
1110 1436 1324 1478 torseris
1354 1431 1511 1478 etiam
1543 1439 1610 1479 te.

45 1508 304 1571 torqueris
341 1508 496 1566 enim,
537 1523 655 1555 cum
692 1515 802 1555 tam
838 1507 968 1555 lenis
1004 1507 1260 1555 irasceris.
1335 1524 1517 1555 vereor
1552 1516 1617 1556 ne

45 1584 224 1632 videar
255 1591 360 1633 non
396 1592 584 1647 rogere
617 1584 710 1632 sed
739 1590 946 1646 cogere,
982 1590 1027 1631 si
1056 1584 1296 1645 precibus
1326 1584 1438 1632 eius
1473 1593 1616 1633 meas

0 1701 3 1706 .
46 1661 282 1710 iunxere.
359 1661 576 1724 iungam
622 1668 799 1708 tamen
841 1667 992 1708 tanto
1039 1660 1242 1722 plenius
1284 1668 1335 1708 et
1377 1661 1672 1719 effusius,15

47 1745 248 1801 quante
290 1738 461 1800 ipsum
499 1737 671 1786 acrius
713 1737 1050 1800 severiusque
1087 1737 1328 1799 corripuI,
1369 1739 1616 1787 destricte

48 1814 280 1863 minatus
322 1830 588 1877 nunquam
626 1821 711 1862 me
753 1821 940 1876 postea
981 1802 1305 1877 rogaturum.
1381 1816 1483 1862 hoc
1524 1815 1611 1873 illi,

49 1907 205 1954 quem
230 1897 412 1939 terreri
436 1892 726 1952 oportebat,
755 1890 848 1939 tibi
875 1898 981 1939 non
1012 1890 1164 1938 idem.
1240 1907 1361 1938 nam
1392 1892 1616 1940 fortasse

47 1967 234 2016 iterum
275 1970 496 2030 rogabo,
538 1967 830 2029 impetrabo
865 1967 1078 2024 iterum;
1123 1963 1190 2014 sit
1226 1957 1383 2016 modo
1419 1970 1522 2016 tale
1559 1977 1615 2015 ut

49 2051 237 2107 rogere
262 2051 362 2103 me,
393 2052 450 2092 ut
474 2051 743 2107 praestare
768 2051 822 2092 te
848 2045 1046 2092 deceat.
1122 2045 1255 2092 vale.
1631 2061 1671 2092 20
