1956 3242
289 221 354 254 20
806 204 1111 269 Excerpta
1150 206 1370 256 Brevia

286 347 413 396 flent
449 363 662 411 quoque
698 354 751 396 et
787 355 846 395 ut
883 355 1064 398 secum
1101 355 1317 404 tueatur
1352 350 1490 398 bella
1524 360 1833 413 precantur:

353 425 577 473 callidus
614 431 818 488 ignaris
856 425 1041 473 adnuit
1078 426 1163 474 ille
1199 425 1341 474 viris.

230 523 271 555 15
287 501 498 565 iamque
534 510 726 565 potens
764 509 930 551 miss6
964 503 1264 567 genitcrem
1303 505 1536 567 appellat
1572 513 1761 566 amico,

353 581 608 642 perdendi
644 581 845 629 Gabics
882 583 1025 644 quod
1063 581 1162 629 sibi
1201 589 1461 630 m6nstret
1498 583 1609 632 iter.

287 658 473 706 hortus
511 660 752 707 odcratis
790 660 1007 707 suberat
1043 659 1370 708 cultissimus
1408 661 1601 720 herbis,

353 744 533 785 sectus
570 738 791 785 humum
829 743 943 785 rivs)
983 738 1099 786 lene
1138 739 1379 787 sonantis
1417 755 1604 803 aquae.

286 813 388 862 illic
423 814 746 877 Tarquinius
784 815 1040 863 mandata
1077 815 1297 864 latentia
1334 824 1447 865 nati

228 911 270 944 20
352 891 561 954 accipit,
604 899 656 940 et
694 892 848 955 virga
883 892 991 940 lilia
1028 909 1239 941 summa
1275 894 1443 942 metit.

285 969 502 1017 nuntius
539 977 598 1018 ut
636 970 789 1018 rediit
826 971 1161 1033 decussaque
1199 972 1306 1020 lilia
1342 973 1491 1032 dixit,

351 1047 499 1095 filius
542 1042 830 1111 ‘Agnoscd
868 1048 1017 1097 iussa
1053 1049 1318 1111 parentis'
1357 1051 1446 1099 ait.

284 1141 380 1174 nec
417 1141 584 1184 mora,
626 1125 952 1188 principibus
991 1133 1163 1175 caesis
1200 1144 1266 1176 ex
1302 1130 1431 1177 urbe
1467 1129 1691 1189 Gabina,

351 1203 634 1251 traduntur
671 1203 897 1252 ducibus
935 1205 1146 1253 moenia
1182 1206 1327 1254 nuda
1363 1213 1490 1255 suis.

227 1300 268 1331 26
283 1296 422 1338 ecce,
464 1281 614 1329 nefas
653 1287 790 1340 visu,
834 1282 1021 1330 mediis
1059 1283 1317 1331 altaribus
1356 1284 1550 1347 anguis

350 1358 459 1405 exit
496 1366 549 1407 et
585 1365 863 1407 exstinctis
901 1359 1116 1422 ignibus
1153 1367 1279 1408 exta
1315 1361 1467 1422 rapit.

281 1436 574 1483 ccnsulitur
612 1437 876 1485 Phoebus.
954 1454 1070 1485 sors
1107 1445 1189 1485 est
1227 1438 1302 1485 ita
1339 1438 1570 1487 reddita:
1622 1445 1633 1466 ‘
1655 1441 1817 1490 Matri

348 1520 439 1575 qui
476 1513 680 1562 dederit
716 1521 963 1578 princeps
1000 1516 1205 1574 Oscula,
1247 1516 1417 1564 victor
1452 1517 1588 1564 erit.'

280 1592 467 1640 Oscula
503 1591 728 1654 quisque
765 1608 895 1640 suae
934 1599 1091 1640 matri
1128 1602 1414 1655 properata
1450 1596 1702 1654 tulerunt,

225 1689 267 1722 30
349 1675 457 1717 n6n
495 1669 765 1718 intellectc')
803 1670 1022 1718 credula
1058 1672 1215 1718 turba
1251 1672 1370 1719 des).

283 1746 481 1795 Brutus
518 1755 632 1795 erat
669 1747 819 1796 stulti
856 1748 1071 1809 sapiens
1110 1748 1362 1807 imitator,
1402 1757 1458 1798 ut
1494 1758 1637 1799 esset

347 1831 496 1872 tutus
535 1826 602 1873 ab
640 1825 863 1884 insidiis,
906 1827 1017 1874 dire
1056 1826 1308 1888 Superbe,
1351 1833 1473 1875 tuis.

280 1901 364 1950 ille
401 1899 580 1951 iace-ns
618 1910 819 1965 prcnus
857 1909 1015 1951 matri
1053 1903 1197 1952 dedit
1235 1905 1421 1952 Oscula
1454 1904 1668 1965 Terrae,

345 1979 579 2029 creditus
616 1981 824 2030 offenso
861 1981 1210 2044 prccubuisse
1248 1983 1396 2044 pede.

1042 2163 1108 2214 37

347 2295 451 2344 Sed
478 2303 531 2344 et
556 2296 751 2345 bellum
777 2296 1034 2344 Volscum
1063 2295 1373 2345 imminebat
1397 2303 1450 2345 et
1474 2296 1663 2346 civitas
1689 2305 1868 2348 secum

278 2372 395 2435 ipsa
424 2374 628 2422 discors
665 2374 917 2422 intestins)
951 2373 1087 2421 inter
1119 2380 1299 2435 patres
1333 2374 1645 2437 plebemque
1679 2376 1871 2439 flagra-

277 2451 368 2498 bat
416 2450 559 2509 odic'>‚
608 2451 838 2500 maxime
887 2458 1103 2513 propter
1150 2457 1319 2499 nexos
1367 2452 1434 2499 ob
1477 2467 1568 2499 aes
1614 2452 1862 2502 alienum.

277 2527 588 2585 fremebant,
638 2535 712 2586 se,
761 2528 889 2576 foris
931 2534 1030 2590 prs)
1074 2529 1318 2576 libertate
1361 2536 1413 2576 et
1459 2528 1679 2591 imperic‘)
1720 2530 1869 2578 dimi-

240 2612 481 2664 5cantes,
529 2606 673 2653 domi
721 2614 754 2654 a
800 2605 1004 2654 civibus
1052 2613 1243 2667 captos
1292 2613 1344 2654 et
1392 2614 1681 2669 oppresscs
1728 2623 1865 2666 esse,

276 2683 633 2746 tuticremque
676 2682 727 2730 in
771 2684 909 2731 bello
947 2699 1107 2745 quam
1150 2683 1199 2730 in
1242 2692 1371 2745 pace
1414 2692 1466 2731 et
1509 2683 1644 2732 inter
1683 2685 1867 2733 hostes

275 2776 437 2823 quam
468 2760 604 2808 inter
628 2767 770 2809 cives
801 2761 1097 2808 libertatem
1130 2761 1298 2823 plebis
1328 2777 1472 2819 esse;
1512 2760 1867 2824 invidiamque

275 2854 391 2886 eam
427 2846 527 2886 sua
561 2846 751 2900 sponte
786 2839 1102 2901 gliscentem
1140 2838 1366 2900 insignis
1400 2844 1555 2886 unius
1589 2837 1865 2887 calamitas

276 2916 531 2964 accendit.
610 2922 811 2978 magno
851 2923 977 2963 natu
1016 2916 1230 2977 quidam
1268 2931 1390 2963 cum
1427 2915 1662 2963 omnium
1699 2916 1865 2964 malfi-

220 3017 261 3048 10
278 3010 392 3041 rum
421 3000 641 3042 sucrum
667 2993 966 3057 insignibus
997 2999 1054 3040 se
1089 2992 1138 3039 in
1174 2993 1344 3039 forum
1379 2991 1614 3055 proiecit.
1689 2992 1865 3043 obsita
