1956 3242
664 232 963 294 Excerpta
1003 230 1219 279 Brevia
1656 234 1719 294 67

152 379 479 436 pervanerat,
531 379 683 420 tanto
734 372 1022 420 crebriores
1075 373 1277 420 litterae
1330 371 1600 434 nuntiique
1653 372 1720 419 ad

152 450 434 497 Caesarem
470 452 840 507 mIttabantur;
884 457 1106 512 quorum
1147 465 1269 511 pars
1305 449 1634 510 daprehansa
1670 447 1720 496 in

151 534 438 588 conspectu
459 534 756 575 nostrorum
778 527 999 574 militum
1019 543 1135 575 cum
1162 526 1394 575 cruciatu
1415 528 1713 574 necabatur.
1737 539 1796 571 145

152 611 263 651 erat
298 594 442 650 nnus
470 603 611 651 intus
646 604 871 652 Nervius
905 604 1112 651 nomine
1145 603 1375 662 Verticc'),
1413 604 1530 651 loco
1563 610 1721 651 natus

152 680 392 737 honesto,
434 686 524 741 qui
558 688 591 727 a
626 687 795 741 prima
836 680 1108 728 obsidione
1150 681 1216 727 ad
1258 679 1564 728 Ciceronem
1607 696 1720 741 per-

152 756 360 819 fugerat
386 772 750 819 summamque
776 763 822 804 ei
847 757 1001 804 fidem
1031 756 1379 818 praestiterat.
1455 757 1539 803 hic
1568 763 1721 804 servo

153 839 247 894 spe
305 833 561 880 libertatis
624 839 936 896 magnisque
999 834 1280 895 persuadet
1338 833 1600 894 praemiis,
1664 840 1722 880 ut

154 910 355 957 litteras
414 910 481 956 ad
534 910 815 957 Caesarem
869 910 1084 958 deferat.
1161 910 1257 957 has
1312 910 1394 961 ille
1446 909 1497 955 in
1551 909 1720 956 iaculo
1737 924 1797 955 150

152 985 381 1048 illigatas
417 987 566 1034 effert
602 994 653 1034 et
689 987 871 1034 Gallus
908 986 1040 1034 inter
1081 987 1260 1033 Gallos
1306 986 1416 1034 sine
1459 987 1566 1033 nlla
1607 997 1721 1033 sus-

153 1062 357 1124 picione
405 1070 646 1110 versatus
687 1064 754 1110 ad
797 1063 1077 1111 Caesarem
1119 1062 1368 1124 pervenit.
1444 1064 1510 1110 ab
1553 1069 1616 1110 eo
1657 1063 1722 1110 da

155 1139 398 1200 periculis
424 1139 691 1188 Ciceronis
717 1139 1043 1202 legionisque
1068 1139 1422 1202 cognoscitur.

219 1217 417 1263 Caesar
449 1222 678 1278 acceptis
708 1217 893 1264 litteris
923 1217 1054 1264 hora
1082 1216 1285 1264 circiter
1314 1216 1590 1264 undecima
1618 1215 1723 1264 diei

153 1292 332 1340 statim
366 1293 606 1340 nuntium
640 1292 691 1339 in
726 1293 1035 1340 Bellovacos
1068 1293 1135 1339 ad
1174 1293 1245 1339 M.
1277 1293 1527 1339 Crassum
1565 1308 1721 1354 quae·
1737 1309 1797 1341 155

153 1376 348 1416 storem
396 1369 572 1427 mittit,
624 1368 772 1416 cuius
825 1369 1041 1416 therna
1093 1371 1311 1416 aberant
1357 1371 1423 1416 ab
1471 1376 1534 1416 eo
1582 1368 1723 1416 milia

152 1461 405 1507 passuum
434 1459 578 1502 xxv;
617 1445 759 1493 iubet
790 1445 962 1493 media
991 1453 1143 1493 nocte
1173 1446 1435 1508 legionem
1465 1446 1723 1507 proficisci

151 1522 487 1584 celeriterque
521 1522 587 1569 ad
618 1528 675 1569 sa
704 1528 895 1570 venire.
972 1522 1078 1570 exit
1108 1539 1226 1570 cum
1259 1523 1443 1570 nuntio
1475 1523 1715 1570 Crassus.

152 1600 373 1646 alterurn
421 1599 487 1646 ad
536 1598 725 1646 Gaium
778 1598 998 1646 Fabium
1047 1600 1282 1661 lagatum
1336 1599 1512 1657 mittit,
1565 1606 1623 1646 ut
1670 1598 1720 1645 in

152 1676 462 1722 Atrebatum
510 1675 650 1722 finas
704 1675 965 1737 legionem
1019 1677 1264 1733 adducat,
1316 1684 1422 1738 qua
1474 1675 1571 1723 sibi
1624 1675 1720 1722 iter
1736 1694 1798 1725 160

153 1752 448 1799 faciendum
491 1751 705 1799 sciebat.
782 1752 961 1799 scribit
1000 1752 1247 1811 Labieno,
1289 1759 1334 1800 si
1371 1759 1443 1800 rei
1483 1752 1721 1814 publicae

153 1829 432 1876 commodo
468 1829 637 1876 facere
673 1836 871 1890 posset,
912 1844 1030 1876 cum
1068 1829 1276 1891 legione
1312 1830 1378 1876 ad
1415 1830 1554 1877 fines
1593 1830 1722 1876 Ner-

153 1905 359 1951 viorum
418 1904 611 1952 veniat.
688 1904 938 1967 reliquam
992 1912 1194 1967 partem
1247 1906 1523 1963 exercitt-15,
1581 1906 1721 1967 quod

154 1981 313 2042 paulo
371 1983 552 2028 aberat
611 1981 838 2043 longius,
903 1988 1006 2028 non
1070 1988 1222 2043 putat
1285 1983 1720 2043 exspectandam;

154 2058 360 2120 equitas
402 2057 605 2106 circiter
645 2058 1059 2120 quadringentos
1102 2075 1166 2106 ex
1207 2059 1458 2120 proximis
1494 2060 1720 2107 hibernis
1737 2079 1797 2111 165

153 2134 369 2196 colligit.

222 2212 372 2259 Hora
412 2211 616 2260 circiter
661 2211 815 2259 tertia
862 2213 929 2259 ab
971 2212 1394 2260 antecursoribus
1436 2213 1501 2260 da
1542 2213 1723 2261 Crassi

153 2290 383 2337 adventfl
416 2288 606 2337 certior
635 2289 806 2336 factus
836 2296 899 2337 eo
928 2289 1011 2337 die
1042 2289 1183 2337 milia
1212 2306 1464 2351 passuum
1496 2304 1576 2337 xx
1605 2298 1722 2352 pro-

152 2366 306 2413 cadit.
382 2365 634 2413 Crassum
666 2366 1066 2414 Samarobrivae
1096 2367 1329 2428 praeficit
1358 2367 1721 2430 legionemque

152 2449 199 2490 ei
231 2442 484 2500 attribuit,
521 2444 662 2505 quod
694 2443 762 2490 ibi
795 2443 1165 2504 impedimenta
1196 2444 1472 2502 exercitus,
1509 2444 1719 2493 obsides
1736 2462 1797 2497 170

152 2519 443 2577 civitatum,
507 2519 707 2567 lItteras
766 2520 1002 2581 pfiblicas
1060 2521 1482 2583 frumentumque
1545 2537 1716 2579 omne,

152 2596 294 2658 quod
319 2602 383 2644 eo
406 2597 709 2644 tolerandae
734 2596 919 2644 hiemis
948 2606 1111 2645 causa
1139 2599 1437 2655 davexerat‚
1468 2598 1722 2660 relinqua-

153 2675 260 2721 bat.
339 2673 551 2731 Fabius,
598 2680 656 2720 ut
698 2673 1010 2735 imperatum
1057 2682 1185 2732 erat,
1233 2682 1337 2723 non
1379 2674 1453 2722 ita
1499 2676 1721 2722 multum

153 2756 407 2806 moratus,
439 2749 489 2795 in
521 2749 702 2797 itinere
731 2766 850 2797 cum
881 2750 1088 2813 legione
1118 2752 1358 2799 occurrit.
1436 2752 1716 2809 Labienus,

153 2827 364 2874 interitu
419 2826 601 2874 Sabini
653 2832 704 2873 et
756 2829 915 2874 caede
967 2828 1258 2875 cohortium
1311 2828 1543 2891 cognita,
1600 2844 1796 2883 cum175

152 2910 336 2951 omnas
367 2903 434 2950 ad
460 2919 578 2951 eum
603 2903 948 2951 Treverorum
977 2904 1159 2966 copiae
1188 2904 1472 2962 vanissent,
1502 2904 1716 2963 veritus,

152 2987 233 3038 na,
260 2987 305 3029 si
329 2997 394 3029 ex
419 2982 647 3028 hibernis
668 2981 827 3043 fugae
854 2981 1072 3029 similem
1094 2981 1466 3042 profectionem
1488 2982 1715 3040 facisset‚
