1956 3242
293 200 360 262 48
812 197 1117 261 Excerpta
1156 197 1376 249 Brevia

293 358 450 404 quern
493 341 680 390 eedem
723 341 904 390 anime
947 340 1047 389 fuit
1094 349 1226 404 erga
1275 335 1485 390 Italiam
1526 357 1697 407 neque
1742 343 1885 393 aliud

292 419 576 482 quicquam
610 419 723 482 egit
756 435 916 482 quam
956 426 1137 482 regern
1172 418 1400 468 armavit
1435 428 1489 468 et
1524 420 1758 470 exercuit
1794 423 1885 470 ad-

256 511 478 546 5versus
537 498 832 546 Romanas.
932 513 1090 560 quem
1146 514 1268 546 cum
1320 497 1523 547 videret
1578 499 1885 549 domesticis

291 576 482 637 opibus
540 574 715 623 minus
771 591 889 624 esse
946 577 1245 634 robustum,
1303 575 1622 625 conciliabat
1675 585 1885 627 ceteres

292 659 466 715 reges,
520 652 848 715 adiungebat
897 652 1180 701 bellicesas
1229 653 1492 702 nationes.
1591 653 1886 704 dissidebat

291 732 358 778 ab
398 737 462 778 eo
502 731 867 792 Pergamenus
908 737 1000 778 rex
1046 731 1330 790 Eumenes,
1376 731 1638 780 Romanis
1678 733 1885 782 amicis-

291 807 475 865 simus,
529 809 830 870 bellumque
882 807 1017 856 inter
1064 815 1160 856 ees
1207 810 1497 872 gerebatur
1543 817 1596 858 et
1644 816 1778 858 mari
1832 818 1884 860 et

234 899 275 930 10
292 892 459 933 terra:
511 892 619 948 quo
658 885 833 948 magis
873 885 1122 947 cupiebat
1160 902 1282 934 eum
1324 887 1593 936 Hannibal
1635 886 1878 950 opprimi.

290 963 383 1010 sed
433 965 714 1026 utrobique
765 963 1031 1012 Eumenes
1078 965 1199 1026 plus
1247 965 1461 1013 valebat
1509 973 1725 1028 propter
1780 965 1884 1015 Re-

290 1047 569 1088 manerum
609 1041 949 1090 societatem:
993 1057 1151 1104 quem
1190 1048 1237 1089 si
1273 1042 1607 1102 remevisset‚
1645 1043 1885 1093 faciliera

290 1118 388 1166 sibi
415 1126 593 1167 cetera
617 1119 729 1167 fore
755 1120 1130 1168 arbitrabatur.
1199 1121 1268 1168 ad
1293 1121 1434 1170 hunc
1458 1120 1883 1171 interficiundum

289 1197 450 1244 talem
486 1196 600 1245 iniit
632 1197 908 1246 rationem.
985 1198 1158 1246 classe
1188 1204 1375 1260 paucis
1400 1198 1588 1248 diebus
1618 1207 1770 1248 erant
1794 1200 1883 1249 de·

233 1291 273 1322 15
289 1281 497 1322 creturi.
577 1277 933 1337 superabatur
965 1276 1181 1324 navium
1216 1276 1580 1326 multitudine:
1619 1278 1744 1327 dole
1769 1285 1882 1328 erat

288 1353 656 1414 pugnandum,
700 1369 820 1401 cum
864 1361 961 1415 par
1003 1360 1111 1401 nen
1154 1362 1297 1402 esset
1340 1361 1518 1403 armis.
1602 1355 1882 1418 imperavit

240 1490 242 1492 Ι
288 1445 449 1492 quam
505 1430 761 1492 plurimas
818 1438 1111 1479 venenatas
1167 1439 1441 1494 serpentes
1496 1438 1648 1481 vivas
1704 1433 1883 1497 colligi

287 1516 486 1571 easque
520 1508 571 1555 in
598 1517 731 1556 vasa
763 1508 944 1556 fictilia
976 1508 1161 1557 conici.
1239 1510 1428 1557 harum
1461 1526 1582 1558 cum
1616 1511 1882 1561 effecisset

288 1594 542 1649 magnam
582 1586 991 1645 multitudinem,
1033 1586 1118 1634 die
1163 1586 1299 1648 ipse,
1340 1594 1449 1650 que
1491 1588 1729 1637 facturus
1767 1596 1882 1639 erat

230 1681 273 1713 20
288 1665 478 1712 navale
525 1665 799 1726 proelium,
848 1664 1158 1713 classiaries
1207 1673 1468 1714 convocat
1509 1672 1691 1729 eisque
1732 1683 1881 1729 prae-

285 1741 428 1804 cipit,
471 1750 657 1790 omnes
695 1750 753 1790 ut
793 1742 845 1789 in
883 1753 1043 1790 unam
1087 1742 1340 1790 Eumenis
1380 1743 1523 1806 regis
1562 1753 1880 1794 concurrant

286 1828 493 1879 navem,
526 1828 559 1868 a
587 1826 777 1868 ceteris
811 1827 1022 1867 tantum
1056 1820 1188 1868 satis
1222 1821 1454 1869 habeant
1488 1828 1546 1870 se
1576 1822 1872 1872 defendere.

286 1897 336 1945 id
381 1897 498 1946 illes
537 1897 689 1945 facile
729 1897 1054 1960 serpentium
1094 1897 1432 1946 multitudine
1470 1905 1871 1950 censecfitures.

286 1983 377 2024 rex
412 1983 589 2024 autern
625 1975 676 2023 in
710 1984 817 2038 qua
851 1983 986 2024 nave
1019 1976 1316 2035 veheretur,
1348 1984 1406 2024 ut
1440 1983 1651 2035 scirent,
1682 1984 1740 2029 se
1772 1977 1878 2028 fac-

229 2062 489 2103 25turum:
550 2069 708 2116 quem
756 2060 802 2101 si
857 2060 951 2101 aut
997 2053 1265 2116 cepissent
1321 2061 1414 2102 aut
1470 2055 1872 2115 interfecissent,

284 2139 486 2195 magne
512 2138 589 2180 eis
614 2131 892 2194 pollicetur
916 2131 1154 2194 praemia
1179 2132 1306 2180 fore.
1384 2133 1479 2180 tali
1511 2133 1877 2184 cohortatione

284 2209 508 2257 militum
551 2211 696 2258 facta
730 2209 919 2258 classis
957 2212 1024 2258 ab
1057 2216 1297 2272 utrisque
1334 2210 1384 2257 in
1422 2211 1678 2272 proelium
1715 2212 1877 2259 dedu-

282 2288 431 2336 citur.
523 2296 750 2350 quarum
793 2287 906 2335 acie
948 2287 1260 2345 Censtituta‚
1308 2287 1618 2350 priusquam
1661 2294 1875 2351 signum

283 2377 496 2428 pugnae
522 2366 756 2424 daretur,
791 2364 1061 2413 Hannibal
1092 2373 1150 2413 ut
1179 2366 1356 2427 palam
1382 2366 1577 2414 faceret
1608 2373 1736 2425 suis,
1767 2373 1875 2430 que

226 2444 401 2492 soloce
461 2445 726 2492 Eumenes
785 2450 945 2502 esset,
997 2443 1333 2492 tabellarium
1390 2443 1441 2490 in
1498 2444 1701 2506 scapha
1753 2461 1874 2493 cum

281 2522 517 2569 caduces)
566 2521 744 2569 mittit.
838 2527 930 2584 qui
975 2520 1065 2569 ubi
1115 2521 1183 2568 ad
1233 2528 1399 2570 naves
1448 2521 1874 2570 adversariarum

281 2598 519 2661 pervenit
550 2599 940 2661 epistulamque
975 2599 1263 2647 ostendens
1298 2606 1356 2647 se
1391 2606 1571 2662 regem
1602 2599 1874 2661 professus

281 2684 362 2725 est
388 2693 657 2739 quaerere,
689 2676 871 2724 statim
898 2677 965 2724 ad
1000 2677 1290 2724 Eumenem
1316 2677 1577 2725 deductus
1603 2684 1701 2736 est,
1730 2677 1873 2740 quod

282 2762 438 2802 neme
463 2754 746 2802 dubitabat
771 2760 898 2817 quin
925 2754 1123 2817 aliquid
1156 2755 1222 2802 de
1256 2762 1387 2816 pace
1420 2761 1563 2802 esset
1595 2759 1866 2816 scriptum.

224 2850 264 2881 35
280 2832 588 2880 tabellarius
630 2831 780 2880 ducis
823 2840 960 2879 nave
1002 2832 1276 2880 declarata
1323 2838 1435 2880 suis
1483 2832 1688 2890 eedem,
1733 2831 1873 2880 unde

280 2918 394 2956 erat
430 2917 700 2972 egressus,
740 2916 797 2958 se
836 2909 1048 2971 recepit.
1125 2917 1181 2958 at
1219 2909 1485 2958 Eumenes
1522 2909 1701 2957 solnta
1736 2907 1871 2971 epis-

280 2988 393 3034 tula
426 2987 551 3034 nihil
582 2986 632 3034 in
660 2996 724 3035 ea
755 2987 982 3049 repperit
1013 2986 1113 3034 nisi
1139 3003 1276 3049 quae
1301 2987 1369 3035 ad
1403 2986 1723 3035 irridendum
1749 3001 1869 3034 eum
