1956 3242
263 199 329 260 38
781 196 1085 259 Excerpta
1126 195 1345 246 Brevia

262 343 441 386 actum
484 344 615 396 erat,
663 337 763 386 nisi
806 338 1072 400 elephanti
1113 344 1357 387 conversi
1398 337 1450 385 in
1493 338 1854 401 spectaculum

206 430 247 463 35
262 415 385 464 belli
421 415 834 478 procurrissent:
884 423 1109 478 quorum
1151 433 1272 465 cum
1315 415 1700 479 magnitudine,
1741 423 1856 465 tum

264 493 620 548 deformitate,
667 502 719 542 et
763 500 903 541 novo
946 494 1108 542 odore
1151 493 1307 542 simul
1355 510 1418 542 ac
1466 495 1692 543 stridore
1733 501 1856 543 con-

265 577 487 618 sternati
530 577 667 632 equi,
716 587 836 618 curn
886 570 1192 634 incognitas
1241 571 1340 620 sibi
1383 572 1587 620 belluas
1630 571 1857 634 amplius

264 664 424 710 quam
468 656 635 706 erant,
679 648 1094 711 suspicarentur,
1136 649 1322 712 fugam
1367 657 1709 713 stragemque
1751 650 1858 698 late

264 726 538 773 dederunt.
616 726 668 773 in
717 721 910 788 Apulia
951 726 1140 776 deinde
1189 728 1329 789 apud
1374 728 1628 776 Asculum
1671 727 1858 777 melius

209 803 572 854 4odimicatum
615 812 713 862 est,
763 804 926 852 Curio
977 805 1326 868 Fabricioque
1368 805 1703 854 consulibus:
1754 805 1859 854 iam

264 881 458 944 quippe
477 882 768 930 belluarum
796 890 964 931 terror
989 885 1312 942 exoleverat,
1337 891 1390 932 et
1410 883 1572 932 Caius
1594 882 1859 932 Minucius

265 968 487 1022 quartae
513 960 738 1023 legionis
770 961 1033 1019 hastatus,
1065 967 1222 1009 unius
1253 961 1567 1024 proboscide
1597 961 1854 1019 abscissa,

266 1044 399 1086 mori
442 1054 600 1100 posse
644 1039 845 1087 belluas
889 1039 1212 1087 ostenderat.
1289 1039 1467 1102 itaque
1515 1047 1568 1089 et
1614 1038 1667 1087 in
1715 1038 1860 1102 ipsas

266 1116 372 1177 pila
408 1123 669 1178 congesta
705 1124 847 1174 sunt,
889 1124 942 1164 et
979 1116 1030 1164 in
1068 1124 1242 1166 turres
1279 1116 1519 1166 vibratae
1555 1117 1700 1166 faces
1743 1123 1863 1166 tota

210 1214 250 1244 45
268 1192 500 1241 hostium
527 1193 746 1257 agmina
770 1194 1079 1243 ardentibus
1106 1201 1271 1243 ruinis
1296 1203 1578 1258 operuere:
1618 1210 1714 1244 nec
1739 1202 1862 1243 ante

267 1272 404 1319 cladi
440 1270 568 1319 finis
605 1271 720 1329 fuit,
762 1288 923 1334 quam
961 1288 1067 1321 nox
1104 1272 1399 1321 dirimeret:
1450 1279 1862 1336 postremusque

268 1348 585 1412 fugientium
623 1349 735 1411 ipse
774 1357 866 1398 rex
901 1358 935 1399 a
976 1349 1295 1398 satellitibus
1333 1358 1517 1399 umero
1554 1350 1767 1399 saucius
1809 1350 1861 1398 in

267 1434 429 1475 armis
456 1433 566 1475 suis
599 1427 893 1475 referretur.
974 1428 1239 1477 Lucaniae
1269 1435 1520 1491 suprema
1550 1439 1734 1491 pugna
1763 1429 1862 1476 sub

267 1504 527 1563 Arusinis,
570 1512 706 1568 quos
749 1512 960 1563 vocant,
1001 1511 1223 1568 campis,
1265 1506 1489 1555 ducibus
1532 1506 1729 1555 eisdem
1773 1511 1862 1568 qui

211 1603 252 1636 50
269 1582 537 1645 superius:
577 1583 670 1631 sed
695 1590 822 1631 tunc
848 1584 915 1631 ad
945 1590 1118 1632 totam
1149 1584 1426 1633 victeriam
1457 1583 1675 1643 exitum,
1705 1599 1863 1646 quem

269 1661 459 1709 datura
519 1660 686 1709 virtus
746 1661 862 1720 fuit,
926 1670 1085 1709 casus
1145 1662 1307 1710 dedit.
1407 1678 1530 1711 nam
1590 1662 1863 1724 productis

269 1738 320 1786 in
369 1745 594 1801 primam
643 1738 811 1788 aciem
860 1750 1044 1788 rursus
1093 1740 1407 1803 elephantis,
1455 1751 1619 1788 unum
1668 1755 1734 1788 ex
1782 1739 1863 1787 his

270 1817 469 1879 pullum
521 1817 699 1865 adacti
752 1816 804 1864 in
857 1824 1019 1880 caput
1072 1817 1165 1866 teli
1218 1817 1401 1882 gravis
1455 1818 1591 1867 ictus
1642 1816 1862 1866 avertit:

270 1901 362 1958 qui
409 1911 527 1943 cum
578 1910 670 1956 per
718 1901 956 1959 stragem
1006 1902 1225 1944 suorum
1274 1903 1584 1958 percurrens
1638 1895 1864 1944 stridore

214 1979 595 2036 55quereretur,
638 1979 808 2021 mater
843 1972 1067 2036 agnovit
1102 1981 1156 2022 et
1192 1974 1345 2037 quasi
1381 1973 1688 2033 vindicaret,
1729 1972 1864 2022 exsi-

271 2050 394 2100 luit:
431 2057 545 2099 tum
571 2050 751 2099 omnia
774 2050 914 2099 circa
938 2050 1092 2114 quasi
1118 2051 1333 2101 hostilia
1356 2057 1510 2115 gravi
1535 2051 1727 2100 timore
1752 2067 1865 2114 per-

272 2128 500 2177 miscuit.
576 2145 639 2177 ae
659 2135 736 2178 sic
754 2129 971 2178 eaedem
992 2129 1151 2189 ferae,
1176 2146 1312 2193 quae
1338 2136 1562 2192 primam
1588 2128 1865 2178 victoriam

273 2207 620 2264 abstulerant,
663 2207 952 2255 secundam
992 2223 1174 2270 parem
1211 2207 1461 2266 fecerant,
1504 2206 1714 2256 tertiam
1753 2206 1865 2255 sine

273 2284 637 2333 controversia
660 2284 941 2333 tradidere.
1019 2301 1116 2333 nec
1140 2291 1268 2333 vero
1293 2291 1499 2332 tantum
1526 2290 1705 2343 armis,
1736 2291 1788 2333 et
1813 2284 1864 2332 in

217 2368 495 2424 aocampis‚
539 2362 633 2410 sed
674 2362 909 2410 consiliis
951 2378 1163 2425 quoque
1204 2369 1257 2410 et
1297 2362 1442 2410 domi
1483 2362 1622 2410 intra
1666 2362 1866 2410 Urbem

273 2457 394 2489 cum
455 2448 582 2504 rege
646 2440 849 2503 Pyrrho
912 2440 1221 2488 dimicatum
1288 2447 1385 2489 est.
1485 2440 1680 2503 quippe
1743 2446 1866 2504 post

275 2524 498 2580 primam
558 2517 833 2566 victoriam
895 2524 987 2565 rex
1046 2517 1286 2576 callidus,
1346 2517 1613 2566 intellecta
1671 2517 1866 2566 virtute

278 2595 538 2654 Romana,
586 2594 767 2643 statim
811 2594 1115 2657 desperavit
1157 2601 1345 2643 armis:
1399 2603 1561 2658 seque
1603 2595 1671 2643 ad
1713 2595 1865 2643 dolos

275 2673 514 2721 contulit.
578 2688 701 2720 nam
728 2672 1074 2735 interemptes
1099 2673 1380 2721 cremavit:
1419 2679 1766 2736 captivosque
1791 2671 1866 2719 in-

218 2768 260 2800 65
277 2751 557 2814 dulgenter
589 2749 790 2808 habuit,
826 2757 878 2799 et
911 2750 1024 2799 sine
1058 2751 1227 2813 pretio
1262 2751 1507 2799 restituit.
1584 2756 1865 2813 missisque

276 2828 464 2877 deinde
498 2829 691 2891 legatis
725 2828 776 2875 in
814 2828 1012 2876 Urbem
1046 2835 1190 2876 omni
1223 2829 1384 2877 modo
1416 2835 1635 2877 annisus
1669 2835 1768 2886 est,
1806 2833 1865 2875 ut

277 2906 421 2955 facto
451 2906 662 2955 foedere
695 2905 746 2953 in
778 2905 1064 2954 amicitiam
1104 2906 1436 2969 reciperetur.
1514 2906 1607 2953 sed
1638 2905 1777 2954 belle
1812 2911 1865 2953 et

278 2993 426 3047 pace,
457 2983 584 3033 foris
610 2990 663 3033 et
687 2984 848 3043 domi,
879 3000 1091 3033 omnem
1116 2984 1168 3033 in
1194 2992 1398 3047 partem
1427 2984 1672 3032 Remana
1696 2980 1864 3031 virtus
