1956 3242
629 223 928 287 Excerpta
966 219 1184 272 Brevia
1622 238 1679 283 41

119 373 264 414 terea
300 371 573 427 occupatis
612 364 664 412 in
700 373 763 414 ea
798 364 957 413 caede
995 363 1254 420 hostibuS,
1295 368 1504 422 tempus
1543 377 1686 408 exer-

118 442 253 490 citus
289 459 354 491 ex
390 442 490 490 hec
525 442 642 490 loco
678 442 933 490 educendi
972 439 1203 488 habebis.
1280 438 1383 486 alia
1421 438 1518 486 nisi
1559 437 1687 485 haec

119 519 303 567 salutis
328 518 414 566 via
438 518 582 566 nulla
605 519 725 566 est.'
795 518 979 566 consul
1008 517 1220 565 tribune
1249 514 1535 577 respondit,
1565 522 1687 562 con-

122 596 313 643 sultum
339 595 481 643 istud
500 595 708 658 quidem
736 602 894 657 atque
918 593 1198 656 providens
1225 592 1322 640 sibi
1341 591 1522 648 videri,
1552 594 1564 616 ‘
1583 591 1686 638 Sed

119 672 279 720 istos’
321 671 488 734 inquit
531 670 753 719 ‘milites
792 670 1207 733 quadringentos
1247 670 1314 716 ad
1356 684 1475 715 eum
1514 667 1684 714 locum
1701 682 1741 712 20

119 747 170 795 in
212 748 443 796 hostium
485 755 683 796 cuneos
725 747 967 810 quisnam
1015 747 1112 794 erit
1160 746 1247 808 qui
1296 744 1510 793 ducat?’
1599 744 1687 790 ‘Si

119 823 305 872 alium’
346 824 514 886 inquit
554 824 795 872 tribunus
839 823 1127 872 ‘neminem
1166 822 1408 884 reperies,
1450 828 1533 868 me
1570 820 1688 867 licet

119 901 185 948 ad
215 901 315 949 hoc
340 901 625 962 periculum
650 907 826 957 utare;
866 915 969 962 ego
993 900 1127 947 hanc
1152 898 1245 946 tibi
1275 905 1327 946 et
1354 904 1426 945 rei
1450 896 1687 959 publicae

119 977 347 1025 animam
373 978 478 1025 do)
549 977 735 1026 consul
765 976 975 1024 tribuno
1003 975 1206 1038 gratias
1237 975 1522 1036 laudesque
1553 973 1680 1035 agit.

119 1053 358 1101 tribunus
378 1060 429 1101 et
449 1053 821 1116 quadringenti
840 1053 907 1100 ad
928 1052 1253 1100 moriendum
1269 1052 1679 1113 proficiscuntur.
1703 1066 1742 1096 25

119 1129 300 1177 hostes
356 1137 538 1177 eorum
594 1129 869 1177 audaciam
917 1129 1256 1184 demirantur,
1308 1134 1559 1189 quorsum
1615 1133 1687 1172 ire

120 1213 359 1268 pergant,
398 1206 449 1253 in
485 1206 844 1268 exspectando
882 1211 1023 1252 sunt.
1097 1204 1189 1252 sed
1222 1203 1309 1251 ubi
1344 1202 1587 1264 apparuit
1620 1203 1686 1249 ad

119 1297 234 1330 eam
290 1293 561 1330 verrucam
616 1282 976 1343 occupandam
1032 1280 1129 1328 iter
1184 1279 1466 1335 intendere,
1528 1278 1687 1326 mittit

119 1359 397 1407 adversum
434 1358 551 1407 illos
587 1357 871 1420 imperator
904 1355 1359 1419 Carthaginiensis
1396 1355 1686 1417 peditatum

119 1435 531 1498 equitatumque,
566 1442 700 1497 ques
737 1434 788 1481 in
825 1434 1055 1482 exercitu
1090 1432 1229 1481 viros
1266 1431 1449 1480 habuit
1484 1439 1686 1479 strenu-
1703 1447 1743 1479 30

119 1511 343 1561 issimus.
428 1512 654 1560 Romani
700 1511 893 1559 milites
935 1509 1426 1567 circumveniuntur,
1472 1508 1688 1556 circum-

118 1595 261 1637 venti
297 1595 608 1651 repugnant.
685 1588 743 1635 fit
779 1587 1032 1650 proelium
1065 1587 1153 1634 diu
1190 1602 1399 1647 anceps.
1475 1585 1686 1632 tandem

120 1673 332 1728 superat
374 1665 673 1713 multitudo.
761 1664 1134 1727 quadringenti
1175 1670 1358 1711 omnes
1398 1678 1518 1710 cum
1561 1668 1682 1718 uno,

119 1742 341 1804 perfossi
368 1742 559 1805 gladiis
584 1748 677 1790 aut
702 1741 985 1789 missilibus
1015 1746 1200 1802 operti,
1229 1740 1439 1788 cadunt.
1504 1738 1687 1786 consul

121 1818 332 1875 interea,
373 1819 498 1866 dum
535 1834 598 1867 ea
633 1828 815 1880 pugna
850 1824 1135 1880 pugnatur,
1177 1824 1234 1865 se
1271 1816 1321 1863 in
1359 1816 1503 1864 locos
1540 1822 1687 1862 tutos
1704 1831 1743 1862 35

121 1902 279 1957 atque
314 1894 486 1943 editos
523 1893 782 1942 subducit.

188 1971 292 2019 Sed
335 1971 387 2018 di
428 1970 751 2018 immortales
794 1969 1006 2017 tribuno
1049 1969 1270 2016 militum
1313 1969 1576 2016 fortunam
1624 1983 1689 2015 ex

121 2047 311 2095 virtute
350 2046 462 2095 eius
501 2047 706 2095 dedere.
783 2062 903 2094 nam
947 2046 1021 2094 ita
1062 2046 1265 2094 evenit:
1316 2062 1434 2093 cum
1478 2044 1688 2093 saucius

122 2123 458 2171 multifariam
488 2123 659 2171 factus
688 2130 845 2180 esset,
876 2130 1052 2171 tamen
1078 2123 1265 2170 volnus
1299 2122 1458 2184 capiti
1491 2122 1688 2169 nullum

122 2200 312 2259 evenit,
341 2215 565 2262 eumque
595 2199 728 2247 inter
753 2206 992 2249 mortuos
1017 2200 1365 2262 defetigatum
1391 2198 1688 2247 volneribus
1705 2215 1746 2246 40

123 2284 280 2339 atque
304 2277 446 2339 quod
472 2276 691 2339 sanguis
717 2277 1022 2333 defluxerat,
1053 2283 1366 2339 cognovere.
1431 2292 1550 2324 eum
1576 2292 1689 2323 sus-

123 2354 303 2411 tulere,
341 2353 490 2415 isque
525 2352 791 2401 convaluit
824 2369 1084 2416 saepeque
1120 2353 1333 2415 postilla
1367 2369 1581 2415 operam
1619 2359 1691 2399 rei

124 2429 359 2490 publicae
385 2429 572 2477 fortem
598 2437 757 2493 atque
783 2438 1050 2478 strenuam
1076 2429 1351 2492 perhibuit.
1431 2429 1690 2478 Leonidas

127 2507 265 2554 Laco
289 2505 498 2568 quidem
530 2506 697 2554 simile
725 2507 865 2568 apud
897 2507 1276 2569 Thermopylas
1306 2506 1448 2563 fecit,
1480 2513 1692 2568 propter

126 2582 239 2630 eius
275 2582 496 2631 virtutes
535 2582 705 2631 omnis
743 2583 963 2631 Graecia
1002 2583 1228 2646 gloriam
1267 2591 1425 2645 atque
1462 2582 1690 2645 gratiam
1706 2599 1745 2630 45

126 2658 458 2721 praecipuam
487 2659 812 2707 claritudinis
846 2659 1202 2708 inclitissimae
1234 2661 1549 2708 decoravere
1583 2675 1691 2706 mo-

126 2742 407 2793 numentis,
454 2742 638 2798 signis,
685 2742 893 2793 statuis,
941 2736 1145 2798 elogiis,
1193 2736 1424 2784 historiis
1472 2735 1692 2797 aliisque

127 2813 308 2869 rebus;
346 2811 706 2875 gratissimum
740 2811 792 2859 id
824 2811 936 2860 eius
966 2812 1162 2860 factum
1195 2813 1440 2860 habuere.
1517 2819 1571 2858 at
1604 2811 1692 2858 tri-

127 2889 268 2937 buno
301 2888 521 2936 militum
556 2904 719 2950 parva
751 2889 864 2936 laus
899 2896 992 2949 pro
1023 2889 1174 2937 factis
1209 2888 1404 2946 relicta,
1434 2894 1523 2950 qui
1555 2887 1690 2934 idem

128 2963 325 3014 fecerat
360 2973 517 3027 atque
555 2981 661 3013 rem
699 2972 1014 3013 servaverat.
1707 2982 1746 3012 50
