1956 3242
654 202 953 263 Excerpta
992 200 1208 250 Brevia
1649 215 1708 265 57

146 343 214 391 ab
245 349 311 391 eo
343 349 505 390 vitam
539 349 860 404 paciscatur:
898 343 964 391 de
996 349 1183 391 ceteris
1216 347 1423 389 senatui
1455 340 1579 389 fore.
1655 349 1711 390 at

145 418 245 476 ille,
286 426 498 468 tametsi
537 419 715 467 omnia
755 420 962 481 potiora
1001 420 1104 467 fide
1149 418 1435 481 Iugurthae
1477 419 1765 475 rebatur,65

144 502 320 543 tamen
354 496 479 558 quia
514 512 674 557 penes
710 497 941 554 eosdem,
981 503 1025 544 si
1061 497 1445 552 adversaretur,
1483 496 1711 558 cogendi

145 579 382 634 potestas
415 580 544 629 erat,
583 572 673 631 ita,
711 579 788 620 uti
819 580 1132 621 censuerant
1172 566 1353 629 italici,
1391 571 1710 619 deditionem

145 648 284 696 facit.
363 648 621 710 Iugurtha
659 648 710 695 in
749 656 929 711 primis
967 648 1313 696 Adherbalem
1355 647 1710 696 excruciatum

145 732 313 782 necat,
354 725 540 773 deinde
576 733 760 773 omnes
796 728 1019 787 puberes
1061 724 1317 772 Numidas
1353 732 1511 786 atque
1550 731 1711 786 nego-

144 802 362 849 tiatores
390 808 702 863 promiscue,
727 808 803 850 uti
827 802 1047 864 quisque
1067 808 1284 848 armatis
1309 800 1495 849 obvius
1520 801 1704 858 fuerat,
1726 807 1767 842 ’70

144 877 400 926 interficit.
455 878 642 926 deinde
667 879 925 927 exercitus
951 885 1040 941 qui
1065 878 1115 925 in
1138 872 1366 925 Africam
1393 885 1706 939 portaretur,

144 955 412 1003 scribitur:
451 955 769 1017 stipendium
795 956 1017 1018 aliaque,
1047 971 1181 1017 quae
1210 955 1347 1002 bello
1373 961 1491 1001 usui
1522 955 1705 1010 forent,

144 1032 510 1079 decernuntur.

897 1144 962 1194 57

210 1264 278 1311 At
315 1264 516 1313 Marius
554 1265 731 1312 multis
767 1264 952 1312 diebus
989 1271 1041 1312 et
1078 1264 1345 1311 laboribus
1387 1270 1713 1325 consumptis

143 1340 331 1389 anxius
353 1341 558 1389 trahere
581 1358 700 1389 cum
726 1341 904 1389 animo
931 1348 1047 1398 suo,
1072 1347 1405 1389 omitteretne
1426 1340 1708 1402 inceptum,

142 1417 391 1480 quoniam
427 1418 625 1466 frustra
659 1425 788 1475 erat,
829 1434 897 1466 an
934 1418 1198 1466 fortunam
1240 1423 1568 1479 opperiretur
1607 1425 1715 1479 qua

143 1511 301 1558 saepe
336 1502 589 1558 prospere
622 1506 751 1543 usus
787 1495 972 1543 fuerat.
1047 1511 1183 1557 quae
1215 1511 1334 1543 cum
1372 1494 1568 1542 multos
1603 1494 1714 1542 dies

143 1579 431 1634 noctesque
459 1579 711 1621 aestuans
744 1572 989 1634 agitaret,
1024 1571 1158 1620 forte
1188 1572 1400 1634 quidam
1435 1571 1614 1633 Ligus,
1650 1587 1750 1618 ex5

143 1649 447 1697 cohortibus
466 1648 751 1697 auxiliariis
769 1649 916 1696 miles
937 1648 1231 1711 gregarius,
1252 1654 1441 1696 castris
1462 1655 1714 1709 aquatum

143 1731 393 1788 egressus
422 1725 562 1774 haud
587 1726 766 1787 procul
793 1726 859 1773 ab
889 1726 1049 1773 latere
1078 1724 1280 1773 castelli
1304 1725 1444 1787 quod
1471 1733 1714 1773 aversum

145 1802 520 1863 proeliantibus
566 1810 696 1860 erat,
741 1801 974 1850 animum
1021 1801 1248 1851 advertit
1290 1801 1424 1849 inter
1464 1817 1594 1848 saxa
1636 1808 1714 1848 re-

144 1885 329 1940 pentes
370 1879 602 1928 cocleas:
650 1887 873 1940 quarum
915 1895 1033 1926 cum
1076 1889 1234 1926 unam
1277 1885 1436 1940 atque
1477 1878 1712 1934 alteram,

144 1955 263 2004 dein
293 1956 469 2018 plures
493 1962 709 2018 peteret,
740 1955 918 2003 studio
948 1955 1157 2018 legendi
1180 1954 1432 2017 paulatim
1463 1970 1624 2016 prope
1649 1954 1715 2001 ad
1733 1972 1771 2002 10

146 2048 410 2080 summum
441 2032 634 2080 montis
660 2039 908 2094 egressus
933 2039 1030 2079 est.
1106 2031 1192 2079 ubi
1223 2039 1503 2093 postquam
1535 2030 1718 2078 solitu-

145 2108 319 2157 dinem
349 2108 620 2167 intellexit,
650 2116 794 2157 mere
819 2108 1033 2156 humani
1058 2108 1253 2171 ingenii
1276 2108 1467 2169 cupido
1492 2107 1719 2155 difficilia

145 2185 370 2234 faciendi
401 2185 633 2234 animum
666 2185 836 2233 vertit.
912 2192 964 2233 et
997 2185 1130 2233 forte
1167 2185 1217 2232 in
1254 2192 1318 2233 eo
1351 2185 1468 2233 loco
1500 2185 1717 2246 grandis

146 2263 248 2310 ilex
283 2262 551 2310 coaluerat
587 2261 720 2309 inter
756 2278 902 2319 saxa,
937 2262 1149 2323 paulum
1188 2262 1344 2310 modo
1381 2268 1565 2323 prona,
1599 2261 1716 2308 dein

147 2339 282 2386 flexa
311 2345 469 2401 atque
502 2345 659 2386 aucta
690 2337 741 2384 in
775 2338 1102 2386 altitudinem
1136 2346 1242 2401 quo
1274 2345 1464 2386 cuncta
1496 2345 1717 2400 gignen-
1734 2356 1772 2387 15

146 2415 278 2462 tium
309 2421 498 2462 natura
528 2414 653 2462 fert:
691 2414 840 2462 cuius
870 2421 1027 2462 ramis
1058 2416 1231 2473 modo,
1262 2415 1419 2463 modo
1449 2414 1719 2463 eminenti-

147 2493 247 2538 bus
280 2498 424 2539 saxis
460 2497 607 2538 nisus
644 2490 808 2553 Ligus
841 2490 892 2538 in
925 2492 1127 2539 castelli
1158 2491 1427 2553 planitiem
1462 2491 1713 2552 pervenit,

148 2567 288 2630 quod
325 2573 500 2615 cuncti
537 2567 797 2616 Numidae
839 2567 1025 2615 intenti
1065 2567 1441 2630 proeliantibus
1478 2569 1712 2614 aderant.

149 2643 436 2705 exploratis
483 2643 744 2702 omnibus,
795 2660 930 2706 quae
978 2660 1100 2692 mox
1147 2651 1266 2692 usui
1313 2644 1423 2692 fore
1470 2645 1713 2700 ducebat,

149 2720 333 2768 eadem
382 2719 689 2782 regreditur,
736 2726 841 2768 non
888 2728 1084 2769 temere
1130 2727 1207 2768 uti
1255 2720 1578 2776 escenderat,
1626 2720 1718 2767 sed
1734 2736 1775 2768 20

149 2804 416 2859 temptans
452 2796 629 2844 omnia
664 2803 716 2844 et
756 2796 1195 2859 circumspiciens.
1272 2797 1447 2859 itaque
1493 2796 1719 2844 Marium

151 2880 371 2936 propere
400 2873 526 2931 adit,
557 2880 677 2921 acta
708 2873 908 2931 edocet,
939 2873 1195 2932 hortatur,
1226 2875 1292 2922 ab
1325 2882 1389 2921 ea
1421 2881 1584 2935 parte,
1615 2881 1722 2935 qua

151 2949 264 3012 ipse
288 2951 611 3009 escenderat,
640 2951 913 3000 castellum
938 2957 1186 3014 temptet:
1225 2951 1497 3013 pollicetur
1522 2951 1719 2999 itineris
