1956 3242
267 197 335 246 68
789 196 1093 259 Excerpta
1133 196 1353 247 Brevia

268 339 503 388 hostium
546 337 802 403 impetum
847 339 1110 389 sustinare
1152 348 1259 389 non
1301 347 1502 404 posset,
1550 343 1862 404 praesertim

267 425 403 481 quos
448 425 645 467 recenti
692 418 918 467 victoria
958 419 1131 467 efferri
1172 425 1348 479 sciret,
1395 420 1602 469 litteras
1644 421 1862 471 Caesari

191 510 252 542 1⁸0
269 496 506 555 remIttit,
548 503 750 560 quanto
786 513 907 545 cum
945 497 1178 559 periculo
1215 497 1479 561 legionem
1522 514 1588 546 ex
1631 499 1862 548 hibernis

267 575 557 622 educturus
605 581 765 632 esset,
820 590 930 622 rem
983 582 1196 637 gestam
1251 575 1302 622 in
1359 575 1699 624 Eburonibus
1747 593 1863 639 per-

266 652 466 710 scribit,
514 653 670 700 docet
713 660 899 700 omnes
943 652 1213 715 peditatus
1262 653 1638 717 equitatusque
1679 655 1862 718 copias

264 730 615 778 Treverorum
649 729 751 778 tria
780 730 922 778 milia
951 747 1209 793 passuum
1240 732 1400 793 longe
1430 733 1498 780 ab
1529 738 1639 781 suis
1670 739 1861 781 castris

265 807 588 856 consedisse.

188 902 250 934 185
334 886 534 934 Caesar
575 885 798 934 consilio
834 885 948 935 eius
989 887 1234 948 probato,
1276 893 1378 934 etsi
1414 887 1660 950 opinione
1704 888 1861 936 trium

264 963 537 1026 legionum
586 963 823 1012 deiectus
871 964 939 1012 ad
987 965 1123 1012 duas
1173 964 1416 1023 redierat,
1469 972 1648 1013 tamen
1697 976 1861 1013 unum

263 1041 562 1090 commanis
617 1042 806 1090 salntis
860 1042 1116 1090 auxilium
1170 1042 1221 1090 in
1281 1043 1552 1091 celeritate
1605 1044 1854 1106 ponebat.

262 1119 407 1167 venit
445 1125 658 1182 magnis
695 1119 970 1168 itineribus
1007 1120 1059 1167 in
1098 1120 1417 1168 Nerviorum
1453 1120 1611 1169 fines.
1688 1120 1759 1169 ibi
1795 1137 1862 1170 ex

263 1203 489 1260 captivis
532 1197 834 1260 cognoscit,
881 1214 1017 1261 quae
1060 1198 1202 1260 apud
1245 1198 1556 1247 Ciceronem
1604 1206 1862 1262 gerantur

187 1293 248 1326 190
264 1282 572 1338 quantoque
598 1275 649 1322 in
676 1276 909 1337 periculo
935 1283 1019 1324 res
1045 1275 1130 1323 sit.
1207 1283 1321 1323 tum
1347 1277 1558 1324 cuidam
1583 1293 1650 1324 ex
1674 1276 1860 1340 equiti-

263 1355 363 1402 bus
389 1354 556 1402 Gallis
587 1359 799 1416 magnIS
830 1353 1078 1415 praemiis
1109 1355 1412 1416 persuadet,
1443 1361 1521 1402 uti
1551 1355 1619 1402 ad
1650 1354 1859 1403 Cicero-

263 1448 382 1480 nem
427 1432 711 1494 epistulam
754 1432 972 1480 daferat.
1051 1432 1188 1480 hanc
1236 1432 1452 1480 Graecis
1500 1438 1858 1494 conscriptam

262 1509 451 1558 litteris
486 1509 665 1569 mittit,
701 1517 766 1558 na
801 1509 1094 1572 intercepta
1126 1509 1356 1572 epistula
1385 1517 1568 1558 nostra
1598 1511 1665 1558 ab
1695 1510 1858 1559 hosti·

263 1589 362 1635 bus
417 1587 641 1636 consilia
698 1594 1113 1650 cognoscantur.
1192 1593 1238 1635 si
1291 1588 1437 1635 adire
1496 1594 1604 1635 non
1664 1588 1853 1650 possit,

187 1684 246 1716 195
264 1672 460 1724 monet,
514 1673 573 1713 ut
625 1665 895 1728 tragulam
949 1681 1069 1713 cum
1124 1664 1354 1727 epistula
1407 1665 1475 1713 ad
1529 1673 1857 1714 ammentum

261 1743 500 1806 deligata
558 1742 698 1791 intra
756 1742 1105 1791 munItionem
1159 1750 1457 1791 castrorum
1517 1743 1727 1792 abiciat.
1805 1744 1856 1792 in

261 1821 451 1870 litteris
485 1822 684 1880 scribit,
719 1828 777 1870 se
806 1837 926 1869 cum
957 1821 1257 1884 legionibus
1291 1821 1586 1884 profectum
1621 1822 1858 1872 celeriter

261 1900 471 1958 adfore3
527 1900 788 1957 hortatur,
847 1906 905 1947 ut
959 1898 1238 1961 pristinam
1298 1899 1548 1948 virtutem
1612 1900 1848 1950 retineat.

260 1978 444 2026 Gallus
474 1978 765 2040 periculum
795 1977 1012 2036 veritus,
1047 1984 1107 2025 ut
1136 1983 1250 2025 erat
1279 1985 1638 2040 praeceptum,
1673 1985 1856 2042 tragu-

184 2057 366 2108 wolam
400 2055 579 2104 mittit.
655 2056 786 2104 haec
818 2064 947 2104 casu
982 2055 1050 2103 ad
1084 2055 1271 2103 turrim
1306 2055 1548 2104 adhaesit
1582 2072 1752 2119 neque
1788 2058 1855 2105 ab

260 2141 458 2182 nostris
487 2134 651 2183 biduo
678 2134 1049 2182 animadversa
1073 2132 1232 2182 tertio
1257 2133 1342 2182 die
1371 2142 1404 2182 a
1429 2135 1661 2196 quodam
1692 2134 1855 2184 milite

259 2212 600 2275 conspicitur,
630 2212 848 2275 dempta
877 2212 944 2260 ad
971 2211 1280 2260 Ciceronem
1306 2211 1554 2260 defertur.
1633 2212 1717 2261 ille
1741 2229 1856 2275 per-

259 2290 452 2338 lactam
478 2290 530 2338 in
556 2298 820 2339 conventu
848 2290 1072 2338 militum
1100 2289 1285 2339 recitat
1312 2289 1649 2353 maximaque
1668 2298 1854 2339 omnes

259 2368 463 2416 laetitia
497 2368 672 2417 afficit.
750 2377 863 2417 tum
906 2368 1037 2416 fami
1081 2368 1443 2416 incendiorum
1485 2368 1668 2430 procul
1710 2367 1854 2416 vida-

184 2467 244 2499 205
260 2449 471 2505 bantur,
535 2463 672 2509 quae
733 2454 816 2496 res
875 2462 1085 2495 omnem
1145 2445 1531 2495 dubitationem
1593 2447 1854 2495 adventus

259 2524 530 2588 legionum
568 2525 784 2587 expulit.

326 2603 464 2651 Galli
501 2609 555 2650 re
597 2602 816 2666 cognita
857 2618 950 2665 per
991 2602 1359 2665 exploratoras
1401 2601 1731 2651 obsidionem
1776 2617 1853 2650 re-

259 2681 519 2744 linquunt,
562 2682 629 2729 ad
673 2681 958 2729 Caesarem
1001 2679 1247 2728 omnibus
1290 2679 1459 2742 copiis
1502 2681 1844 2732 contendunt.

259 2759 389 2807 haec
437 2766 587 2806 erant
635 2766 843 2806 armata
884 2757 1089 2806 circiter
1137 2757 1281 2806 milia
1327 2772 1414 2805 Lx.
1492 2758 1679 2807 Cicero
1725 2758 1854 2806 data

182 2858 243 2891 210
260 2836 512 2885 facultate
554 2836 763 2884 Gallum
808 2838 875 2884 ab
917 2836 1104 2884 eodem
1148 2835 1449 2893 Verticone‚
1491 2851 1647 2898 quem
1690 2841 1852 2896 supra

258 2914 762 2974 demonstravimus,
811 2914 1016 2977 repetit,
1064 2921 1155 2977 qui
1196 2914 1400 2962 litteras
1449 2913 1516 2961 ad
1565 2912 1850 2961 Caesarem

259 2993 490 3051 deferat;
525 2994 664 3042 hunc
685 2994 952 3052 admonet,
974 2992 1072 3040 iter
1088 2999 1243 3041 cauta
1259 2990 1644 3054 diligenterque
1661 2990 1848 3049 faciat3
