<?xml version="1.0" encoding="UTF-8"?>
<!DOCTYPE html PUBLIC "-//W3C//DTD XHTML 1.0 Transitional//EN"
    "http://www.w3.org/TR/xhtml1/DTD/xhtml1-transitional.dtd">
<html xmlns="http://www.w3.org/1999/xhtml" xml:lang="en" lang="en">
 <head>
  <title>
</title>
<meta http-equiv="Content-Type" content="text/html;charset=utf-8" />
  <meta name='ocr-system' content='tesseract 3.04.00' />
  <meta name='ocr-capabilities' content='ocr_page ocr_carea ocr_par ocr_line ocrx_word'/>
</head>
<body>
  <div class='ocr_page' id='page_1' title='image "./excerptabrevia00joneuoft_0096.png"; bbox 0 0 1956 3242; ppageno 0'>
   <div class='ocr_carea' id='block_1_1' title="bbox 301 198 1384 266">
    <p class='ocr_par' dir='ltr' id='par_1_1' title="bbox 301 198 1384 266">
     <span class='ocr_line' id='line_1_1' title="bbox 301 198 1384 266; baseline -0.005 -14"><span class='ocrx_word' id='word_1_1' title='bbox 301 205 368 266; x_wconf 93' lang='lat'>84</span> <span class='ocrx_word' id='word_1_2' title='bbox 821 200 1125 262; x_wconf 84' lang='lat' dir='ltr'>Excerpta</span> <span class='ocrx_word' id='word_1_3' title='bbox 1165 198 1384 248; x_wconf 87' lang='lat' dir='ltr'>Brevia</span> 
     </span>
    </p>
   </div>
   <div class='ocr_carea' id='block_1_2' title="bbox 245 341 1839 3061">
    <p class='ocr_par' dir='ltr' id='par_1_2' title="bbox 245 341 1839 3061">
     <span class='ocr_line' id='line_1_2' title="bbox 302 341 1593 407; baseline -0.002 -14"><span class='ocrx_word' id='word_1_4' title='bbox 302 360 585 407; x_wconf 84' lang='lat' dir='ltr'>annuaque</span> <span class='ocrx_word' id='word_1_5' title='bbox 622 350 849 393; x_wconf 65' lang='lat' dir='ltr'>accenso</span> <span class='ocrx_word' id='word_1_6' title='bbox 886 343 1150 391; x_wconf 77' lang='lat' dir='ltr'>celebrare</span> <span class='ocrx_word' id='word_1_7' title='bbox 1189 341 1383 390; x_wconf 90' lang='lat' dir='ltr'>Parilia</span> <span class='ocrx_word' id='word_1_8' title='bbox 1418 341 1593 400; x_wconf 79' lang='lat' dir='ltr'>faen6,</span> 
     </span>
     <span class='ocr_line' id='line_1_3' title="bbox 245 421 1610 486; baseline 0 -18"><span class='ocrx_word' id='word_1_9' title='bbox 245 436 288 468; x_wconf 85' lang='lat'>20</span> <span class='ocrx_word' id='word_1_10' title='bbox 369 422 550 486; x_wconf 77' lang='lat' dir='ltr'>qualia</span> <span class='ocrx_word' id='word_1_11' title='bbox 585 438 723 470; x_wconf 87' lang='lat' dir='ltr'>nune</span> <span class='ocrx_word' id='word_1_12' title='bbox 759 428 911 470; x_wconf 66' lang='lat' dir='ltr'>curto</span> <span class='ocrx_word' id='word_1_13' title='bbox 948 421 1118 469; x_wconf 80' lang='lat' dir='ltr'>lustra</span> <span class='ocrx_word' id='word_1_14' title='bbox 1155 427 1420 469; x_wconf 89' lang='lat' dir='ltr'>novantur</span> <span class='ocrx_word' id='word_1_15' title='bbox 1456 426 1610 483; x_wconf 66' lang='lat' dir='ltr'>equs).</span> 
     </span>
     <span class='ocr_line' id='line_1_4' title="bbox 302 498 1559 562; baseline -0.003 -12"><span class='ocrx_word' id='word_1_16' title='bbox 302 502 473 549; x_wconf 86' lang='lat' dir='ltr'>Vesta</span> <span class='ocrx_word' id='word_1_17' title='bbox 507 505 777 549; x_wconf 66' lang='lat' dir='ltr'>corenatis</span> <span class='ocrx_word' id='word_1_18' title='bbox 814 514 1016 561; x_wconf 87' lang='lat' dir='ltr'>pauper</span> <span class='ocrx_word' id='word_1_19' title='bbox 1052 498 1327 562; x_wconf 77' lang='lat' dir='ltr'>gaudebat</span> <span class='ocrx_word' id='word_1_20' title='bbox 1364 498 1559 557; x_wconf 91' lang='lat' dir='ltr'>asellis,</span> 
     </span>
     <span class='ocr_line' id='line_1_5' title="bbox 369 575 1455 627; baseline -0.003 0"><span class='ocrx_word' id='word_1_21' title='bbox 369 579 637 627; x_wconf 77' lang='lat' dir='ltr'>ducebant</span> <span class='ocrx_word' id='word_1_22' title='bbox 674 592 885 624; x_wconf 87' lang='lat' dir='ltr'>macrae</span> <span class='ocrx_word' id='word_1_23' title='bbox 921 575 1047 624; x_wconf 89' lang='lat' dir='ltr'>vilia</span> <span class='ocrx_word' id='word_1_24' title='bbox 1083 592 1237 624; x_wconf 88' lang='lat' dir='ltr'>sacra</span> <span class='ocrx_word' id='word_1_25' title='bbox 1272 577 1455 624; x_wconf 76' lang='lat' dir='ltr'>boves.</span> 
     </span>
     <span class='ocr_line' id='line_1_6' title="bbox 303 653 1545 719; baseline -0.002 -15"><span class='ocrx_word' id='word_1_26' title='bbox 303 672 468 719; x_wconf 88' lang='lat' dir='ltr'>parva</span> <span class='ocrx_word' id='word_1_27' title='bbox 504 661 739 719; x_wconf 82' lang='lat' dir='ltr'>saginati</span> <span class='ocrx_word' id='word_1_28' title='bbox 775 655 1076 703; x_wconf 78' lang='lat' dir='ltr'>lustrabant</span> <span class='ocrx_word' id='word_1_29' title='bbox 1112 653 1347 716; x_wconf 89' lang='lat' dir='ltr'>compita</span> <span class='ocrx_word' id='word_1_30' title='bbox 1383 660 1545 716; x_wconf 90' lang='lat' dir='ltr'>porci,</span> 
     </span>
     <span class='ocr_line' id='line_1_7' title="bbox 371 730 1582 795; baseline -0.002 -14"><span class='ocrx_word' id='word_1_31' title='bbox 371 740 556 795; x_wconf 90' lang='lat' dir='ltr'>pastor</span> <span class='ocrx_word' id='word_1_32' title='bbox 593 739 645 781; x_wconf 92' lang='lat' dir='ltr'>et</span> <span class='ocrx_word' id='word_1_33' title='bbox 683 732 751 779; x_wconf 91' lang='lat' dir='ltr'>ad</span> <span class='ocrx_word' id='word_1_34' title='bbox 788 731 1025 780; x_wconf 70' lang='lat' dir='ltr'>calamc’Js</span> <span class='ocrx_word' id='word_1_35' title='bbox 1063 738 1188 779; x_wconf 87' lang='lat' dir='ltr'>exta</span> <span class='ocrx_word' id='word_1_36' title='bbox 1224 730 1414 780; x_wconf 82' lang='lat' dir='ltr'>litabat</span> <span class='ocrx_word' id='word_1_37' title='bbox 1450 730 1582 780; x_wconf 91' lang='lat' dir='ltr'>ovis.</span> 
     </span>
     <span class='ocr_line' id='line_1_8' title="bbox 247 810 1549 873; baseline -0.003 -13"><span class='ocrx_word' id='word_1_38' title='bbox 247 828 288 861; x_wconf 86' lang='lat'>25</span> <span class='ocrx_word' id='word_1_39' title='bbox 303 813 525 860; x_wconf 88' lang='lat' dir='ltr'>verbera</span> <span class='ocrx_word' id='word_1_40' title='bbox 561 811 772 873; x_wconf 85' lang='lat' dir='ltr'><strong>pellitus</strong></span> <span class='ocrx_word' id='word_1_41' title='bbox 811 817 1030 858; x_wconf 67' lang='lat' dir='ltr'>saetosa</span> <span class='ocrx_word' id='word_1_42' title='bbox 1066 810 1317 858; x_wconf 78' lang='lat' dir='ltr'>movebat</span> <span class='ocrx_word' id='word_1_43' title='bbox 1353 816 1549 866; x_wconf 79' lang='lat' dir='ltr'>arator,</span> 
     </span>
     <span class='ocr_line' id='line_1_9' title="bbox 372 887 1667 950; baseline -0.002 -13"><span class='ocrx_word' id='word_1_44' title='bbox 372 889 511 938; x_wconf 89' lang='lat' dir='ltr'>unde</span> <span class='ocrx_word' id='word_1_45' title='bbox 549 889 712 937; x_wconf 79' lang='lat' dir='ltr'>licens</span> <span class='ocrx_word' id='word_1_46' title='bbox 752 887 950 936; x_wconf 83' lang='lat' dir='ltr'>Fabius</span> <span class='ocrx_word' id='word_1_47' title='bbox 988 903 1142 936; x_wconf 89' lang='lat' dir='ltr'>sacra</span> <span class='ocrx_word' id='word_1_48' title='bbox 1181 888 1452 950; x_wconf 89' lang='lat' dir='ltr'><strong>Lupercus</strong></span> <span class='ocrx_word' id='word_1_49' title='bbox 1490 888 1667 936; x_wconf 87' lang='lat' dir='ltr'>habet.</span> 
     </span>
     <span class='ocr_line' id='line_1_10' title="bbox 304 965 1614 1016; baseline -0.003 0"><span class='ocrx_word' id='word_1_50' title='bbox 304 984 400 1016; x_wconf 89' lang='lat' dir='ltr'>nec</span> <span class='ocrx_word' id='word_1_51' title='bbox 438 967 583 1015; x_wconf 86' lang='lat' dir='ltr'>rudis</span> <span class='ocrx_word' id='word_1_52' title='bbox 620 966 828 1015; x_wconf 68' lang='lat' dir='ltr'>infestis</span> <span class='ocrx_word' id='word_1_53' title='bbox 866 966 1017 1014; x_wconf 89' lang='lat' dir='ltr'>miles</span> <span class='ocrx_word' id='word_1_54' title='bbox 1056 965 1300 1014; x_wconf 80' lang='lat' dir='ltr'>radiabat</span> <span class='ocrx_word' id='word_1_55' title='bbox 1336 965 1388 1013; x_wconf 91' lang='lat' dir='ltr'>in</span> <span class='ocrx_word' id='word_1_56' title='bbox 1426 972 1614 1013; x_wconf 90' lang='lat' dir='ltr'>armis:</span> 
     </span>
     <span class='ocr_line' id='line_1_11' title="bbox 372 1043 1426 1106; baseline -0.002 -13"><span class='ocrx_word' id='word_1_57' title='bbox 372 1046 668 1094; x_wconf 75' lang='lat' dir='ltr'>miscebant</span> <span class='ocrx_word' id='word_1_58' title='bbox 705 1051 828 1092; x_wconf 78' lang='lat' dir='ltr'>usta</span> <span class='ocrx_word' id='word_1_59' title='bbox 864 1044 1064 1106; x_wconf 90' lang='lat' dir='ltr'>proelia</span> <span class='ocrx_word' id='word_1_60' title='bbox 1099 1044 1243 1092; x_wconf 78' lang='lat' dir='ltr'>nuda</span> <span class='ocrx_word' id='word_1_61' title='bbox 1279 1043 1426 1092; x_wconf 92' lang='lat' dir='ltr'>sude.</span> 
     </span>
     <span class='ocr_line' id='line_1_12' title="bbox 305 1121 1591 1187; baseline -0.002 -16"><span class='ocrx_word' id='word_1_62' title='bbox 305 1131 475 1186; x_wconf 90' lang='lat' dir='ltr'>prima</span> <span class='ocrx_word' id='word_1_63' title='bbox 510 1124 770 1187; x_wconf 74' lang='lat' dir='ltr'>galeritus</span> <span class='ocrx_word' id='word_1_64' title='bbox 808 1121 988 1185; x_wconf 87' lang='lat' dir='ltr'>posuit</span> <span class='ocrx_word' id='word_1_65' title='bbox 1024 1121 1292 1185; x_wconf 69' lang='lat' dir='ltr'>praetoria</span> <span class='ocrx_word' id='word_1_66' title='bbox 1330 1123 1591 1186; x_wconf 88' lang='lat' dir='ltr'>Lygmon,</span> 
     </span>
     <span class='ocr_line' id='line_1_13' title="bbox 247 1199 1747 1265; baseline -0.003 -13"><span class='ocrx_word' id='word_1_67' title='bbox 247 1220 288 1252; x_wconf 86' lang='lat'>30</span> <span class='ocrx_word' id='word_1_68' title='bbox 373 1211 677 1265; x_wconf 80' lang='lat' dir='ltr'>magnaque</span> <span class='ocrx_word' id='word_1_69' title='bbox 713 1217 838 1264; x_wconf 90' lang='lat' dir='ltr'>pars</span> <span class='ocrx_word' id='word_1_70' title='bbox 874 1200 1033 1249; x_wconf 77' lang='lat' dir='ltr'>Tatic&#39;&gt;</span> <span class='ocrx_word' id='word_1_71' title='bbox 1070 1208 1244 1249; x_wconf 77' lang='lat' dir='ltr'>rerum</span> <span class='ocrx_word' id='word_1_72' title='bbox 1281 1207 1395 1248; x_wconf 88' lang='lat' dir='ltr'>erat</span> <span class='ocrx_word' id='word_1_73' title='bbox 1432 1199 1567 1248; x_wconf 89' lang='lat' dir='ltr'>inter</span> <span class='ocrx_word' id='word_1_74' title='bbox 1603 1207 1747 1248; x_wconf 77' lang='lat' dir='ltr'>oves.</span> 
     </span>
     <span class='ocr_line' id='line_1_14' title="bbox 305 1278 1788 1341; baseline -0.002 -14"><span class='ocrx_word' id='word_1_75' title='bbox 305 1279 426 1328; x_wconf 89' lang='lat' dir='ltr'>hinc</span> <span class='ocrx_word' id='word_1_76' title='bbox 462 1279 666 1327; x_wconf 73' lang='lat' dir='ltr'>Titiens</span> <span class='ocrx_word' id='word_1_77' title='bbox 708 1279 1051 1341; x_wconf 75' lang='lat' dir='ltr'>Ramnesque</span> <span class='ocrx_word' id='word_1_78' title='bbox 1087 1278 1186 1326; x_wconf 91' lang='lat' dir='ltr'>viri</span> <span class='ocrx_word' id='word_1_79' title='bbox 1225 1279 1559 1341; x_wconf 74' lang='lat' dir='ltr'>Luceresque</span> <span class='ocrx_word' id='word_1_80' title='bbox 1595 1278 1788 1335; x_wconf 68' lang='lat' dir='ltr'>coloni,</span> 
     </span>
     <span class='ocr_line' id='line_1_15' title="bbox 372 1355 1641 1421; baseline -0.002 -15"><span class='ocrx_word' id='word_1_81' title='bbox 372 1365 627 1421; x_wconf 89' lang='lat' dir='ltr'>quattuor</span> <span class='ocrx_word' id='word_1_82' title='bbox 663 1356 783 1405; x_wconf 89' lang='lat' dir='ltr'>hinc</span> <span class='ocrx_word' id='word_1_83' title='bbox 820 1357 971 1405; x_wconf 65' lang='lat' dir='ltr'>albos</span> <span class='ocrx_word' id='word_1_84' title='bbox 1012 1356 1272 1405; x_wconf 67' lang='lat' dir='ltr'>Romulus</span> <span class='ocrx_word' id='word_1_85' title='bbox 1310 1355 1422 1419; x_wconf 73' lang='lat' dir='ltr'>egit</span> <span class='ocrx_word' id='word_1_86' title='bbox 1459 1363 1641 1419; x_wconf 73' lang='lat' dir='ltr'>equOS.</span> 
     </span>
     <span class='ocr_line' id='line_1_16' title="bbox 304 1433 1729 1500; baseline -0.002 -16"><span class='ocrx_word' id='word_1_87' title='bbox 304 1436 499 1500; x_wconf 83' lang='lat' dir='ltr'>quippe</span> <span class='ocrx_word' id='word_1_88' title='bbox 537 1437 875 1485; x_wconf 83' lang='lat' dir='ltr'>suburbanae</span> <span class='ocrx_word' id='word_1_89' title='bbox 912 1442 1080 1496; x_wconf 72' lang='lat' dir='ltr'>parva</span> <span class='ocrx_word' id='word_1_90' title='bbox 1115 1433 1289 1482; x_wconf 89' lang='lat' dir='ltr'>minus</span> <span class='ocrx_word' id='word_1_91' title='bbox 1327 1435 1455 1482; x_wconf 90' lang='lat' dir='ltr'>urbe</span> <span class='ocrx_word' id='word_1_92' title='bbox 1494 1433 1729 1482; x_wconf 92' lang='lat' dir='ltr'>Bovillae</span> 
     </span>
     <span class='ocr_line' id='line_1_17' title="bbox 373 1511 1589 1577; baseline -0.002 -15"><span class='ocrx_word' id='word_1_93' title='bbox 373 1522 442 1573; x_wconf 92' lang='lat' dir='ltr'>et,</span> <span class='ocrx_word' id='word_1_94' title='bbox 484 1520 575 1577; x_wconf 86' lang='lat' dir='ltr'>qui</span> <span class='ocrx_word' id='word_1_95' title='bbox 612 1529 750 1561; x_wconf 91' lang='lat' dir='ltr'>nunc</span> <span class='ocrx_word' id='word_1_96' title='bbox 788 1513 932 1571; x_wconf 78' lang='lat' dir='ltr'>nulli,</span> <span class='ocrx_word' id='word_1_97' title='bbox 975 1511 1209 1560; x_wconf 83' lang='lat' dir='ltr'>maxima</span> <span class='ocrx_word' id='word_1_98' title='bbox 1245 1513 1403 1560; x_wconf 91' lang='lat' dir='ltr'>turba</span> <span class='ocrx_word' id='word_1_99' title='bbox 1438 1512 1589 1560; x_wconf 87' lang='lat' dir='ltr'>Gabi.</span> 
     </span>
     <span class='ocr_line' id='line_1_18' title="bbox 248 1588 1697 1653; baseline -0.003 -11"><span class='ocrx_word' id='word_1_100' title='bbox 248 1612 289 1643; x_wconf 86' lang='lat'>35</span> <span class='ocrx_word' id='word_1_101' title='bbox 306 1600 358 1641; x_wconf 93' lang='lat' dir='ltr'>et</span> <span class='ocrx_word' id='word_1_102' title='bbox 394 1592 544 1641; x_wconf 90' lang='lat' dir='ltr'>stetit</span> <span class='ocrx_word' id='word_1_103' title='bbox 580 1592 717 1639; x_wconf 91' lang='lat' dir='ltr'>Alba</span> <span class='ocrx_word' id='word_1_104' title='bbox 752 1598 961 1653; x_wconf 75' lang='lat' dir='ltr'>potens,</span> <span class='ocrx_word' id='word_1_105' title='bbox 1004 1591 1156 1638; x_wconf 83' lang='lat' dir='ltr'>albae</span> <span class='ocrx_word' id='word_1_106' title='bbox 1193 1589 1304 1638; x_wconf 90' lang='lat' dir='ltr'>suis</span> <span class='ocrx_word' id='word_1_107' title='bbox 1341 1588 1516 1638; x_wconf 72' lang='lat' dir='ltr'>Omine</span> <span class='ocrx_word' id='word_1_108' title='bbox 1554 1596 1697 1648; x_wconf 79' lang='lat' dir='ltr'>nata,</span> 
     </span>
     <span class='ocr_line' id='line_1_19' title="bbox 373 1667 1530 1732; baseline -0.003 -13"><span class='ocrx_word' id='word_1_109' title='bbox 373 1671 472 1719; x_wconf 80' lang='lat' dir='ltr'>hac</span> <span class='ocrx_word' id='word_1_110' title='bbox 509 1669 598 1718; x_wconf 92' lang='lat' dir='ltr'>ubi</span> <span class='ocrx_word' id='word_1_111' title='bbox 639 1670 869 1717; x_wconf 78' lang='lat' dir='ltr'>Fidenas</span> <span class='ocrx_word' id='word_1_112' title='bbox 907 1669 1068 1732; x_wconf 77' lang='lat' dir='ltr'>longe</span> <span class='ocrx_word' id='word_1_113' title='bbox 1106 1675 1220 1717; x_wconf 92' lang='lat' dir='ltr'>erat</span> <span class='ocrx_word' id='word_1_114' title='bbox 1256 1675 1363 1716; x_wconf 91' lang='lat' dir='ltr'>isse</span> <span class='ocrx_word' id='word_1_115' title='bbox 1399 1667 1530 1716; x_wconf 78' lang='lat' dir='ltr'>vias.</span> 
     </span>
     <span class='ocr_line' id='line_1_20' title="bbox 305 1746 1839 1810; baseline -0.001 -14"><span class='ocrx_word' id='word_1_116' title='bbox 305 1748 376 1796; x_wconf 88' lang='lat' dir='ltr'>nil</span> <span class='ocrx_word' id='word_1_117' title='bbox 414 1747 645 1810; x_wconf 87' lang='lat' dir='ltr'>patrium</span> <span class='ocrx_word' id='word_1_118' title='bbox 683 1746 783 1795; x_wconf 89' lang='lat' dir='ltr'>nisi</span> <span class='ocrx_word' id='word_1_119' title='bbox 821 1754 1014 1795; x_wconf 73' lang='lat' dir='ltr'>nOmen</span> <span class='ocrx_word' id='word_1_120' title='bbox 1052 1746 1213 1794; x_wconf 91' lang='lat' dir='ltr'>habet</span> <span class='ocrx_word' id='word_1_121' title='bbox 1252 1746 1529 1794; x_wconf 74' lang='lat' dir='ltr'>ROmanus</span> <span class='ocrx_word' id='word_1_122' title='bbox 1567 1746 1839 1794; x_wconf 89' lang='lat' dir='ltr'>alumnus:</span> 
     </span>
     <span class='ocr_line' id='line_1_21' title="bbox 373 1824 1646 1889; baseline -0.002 -15"><span class='ocrx_word' id='word_1_123' title='bbox 373 1825 652 1889; x_wconf 84' lang='lat' dir='ltr'>sanguinis</span> <span class='ocrx_word' id='word_1_124' title='bbox 690 1826 927 1873; x_wconf 87' lang='lat' dir='ltr'>altricem</span> <span class='ocrx_word' id='word_1_125' title='bbox 965 1831 1072 1873; x_wconf 65' lang='lat' dir='ltr'>nen</span> <span class='ocrx_word' id='word_1_126' title='bbox 1109 1831 1260 1886; x_wconf 88' lang='lat' dir='ltr'>putet</span> <span class='ocrx_word' id='word_1_127' title='bbox 1296 1840 1414 1873; x_wconf 91' lang='lat' dir='ltr'>esse</span> <span class='ocrx_word' id='word_1_128' title='bbox 1451 1824 1646 1887; x_wconf 91' lang='lat' dir='ltr'>lupam.</span> 
     </span>
     <span class='ocr_line' id='line_1_22' title="bbox 306 1902 1678 1967; baseline -0.001 -14"><span class='ocrx_word' id='word_1_129' title='bbox 306 1905 409 1953; x_wconf 81' lang='lat' dir='ltr'>huc</span> <span class='ocrx_word' id='word_1_130' title='bbox 445 1903 632 1952; x_wconf 88' lang='lat' dir='ltr'>melius</span> <span class='ocrx_word' id='word_1_131' title='bbox 670 1903 931 1967; x_wconf 62' lang='lat' dir='ltr'>profugfis</span> <span class='ocrx_word' id='word_1_132' title='bbox 969 1909 1178 1961; x_wconf 90' lang='lat' dir='ltr'>misisti,</span> <span class='ocrx_word' id='word_1_133' title='bbox 1220 1902 1399 1961; x_wconf 64' lang='lat' dir='ltr'>Troia,</span> <span class='ocrx_word' id='word_1_134' title='bbox 1441 1910 1678 1965; x_wconf 71' lang='lat' dir='ltr'>penates.</span> 
     </span>
     <span class='ocr_line' id='line_1_23' title="bbox 248 1980 1650 2045; baseline -0.004 -13"><span class='ocrx_word' id='word_1_135' title='bbox 248 2001 289 2032; x_wconf 84' lang='lat'>40</span> <span class='ocrx_word' id='word_1_136' title='bbox 373 1983 476 2030; x_wconf 91' lang='lat' dir='ltr'>heu</span> <span class='ocrx_word' id='word_1_137' title='bbox 513 1982 659 2045; x_wconf 80' lang='lat' dir='ltr'>quali</span> <span class='ocrx_word' id='word_1_138' title='bbox 694 1988 849 2030; x_wconf 88' lang='lat' dir='ltr'>vecta</span> <span class='ocrx_word' id='word_1_139' title='bbox 885 1988 967 2030; x_wconf 89' lang='lat' dir='ltr'>est</span> <span class='ocrx_word' id='word_1_140' title='bbox 1004 1981 1260 2030; x_wconf 89' lang='lat' dir='ltr'>Dardana</span> <span class='ocrx_word' id='word_1_141' title='bbox 1296 1980 1487 2043; x_wconf 91' lang='lat' dir='ltr'>puppis</span> <span class='ocrx_word' id='word_1_142' title='bbox 1525 1981 1650 2029; x_wconf 72' lang='lat' dir='ltr'>ave!</span> 
     </span>
     <span class='ocr_line' id='line_1_24' title="bbox 306 2057 1765 2122; baseline -0.001 -14"><span class='ocrx_word' id='word_1_143' title='bbox 306 2059 411 2108; x_wconf 89' lang='lat' dir='ltr'>iarn</span> <span class='ocrx_word' id='word_1_144' title='bbox 459 2061 593 2108; x_wconf 91' lang='lat' dir='ltr'>bene</span> <span class='ocrx_word' id='word_1_145' title='bbox 642 2060 980 2122; x_wconf 78' lang='lat' dir='ltr'>spondebant</span> <span class='ocrx_word' id='word_1_146' title='bbox 1028 2066 1156 2107; x_wconf 90' lang='lat' dir='ltr'>tunc</span> <span class='ocrx_word' id='word_1_147' title='bbox 1203 2058 1400 2118; x_wconf 66' lang='lat' dir='ltr'>emina,</span> <span class='ocrx_word' id='word_1_148' title='bbox 1447 2058 1589 2122; x_wconf 92' lang='lat' dir='ltr'>quod</span> <span class='ocrx_word' id='word_1_149' title='bbox 1638 2057 1765 2106; x_wconf 88' lang='lat' dir='ltr'>nihil</span> 
     </span>
     <span class='ocr_line' id='line_1_25' title="bbox 441 2137 584 2186; baseline 0.007 -1"><span class='ocrx_word' id='word_1_150' title='bbox 441 2137 584 2186; x_wconf 90' lang='lat' dir='ltr'>illam</span> 
     </span>
     <span class='ocr_line' id='line_1_26' title="bbox 374 2214 1500 2279; baseline 0 -16"><span class='ocrx_word' id='word_1_151' title='bbox 374 2216 601 2265; x_wconf 85' lang='lat' dir='ltr'>laeserat</span> <span class='ocrx_word' id='word_1_152' title='bbox 638 2214 854 2279; x_wconf 71' lang='lat' dir='ltr'>abiegni</span> <span class='ocrx_word' id='word_1_153' title='bbox 890 2222 1074 2264; x_wconf 89' lang='lat' dir='ltr'>venter</span> <span class='ocrx_word' id='word_1_154' title='bbox 1109 2222 1325 2278; x_wconf 90' lang='lat' dir='ltr'>apertus</span> <span class='ocrx_word' id='word_1_155' title='bbox 1362 2221 1500 2278; x_wconf 91' lang='lat' dir='ltr'>equi,</span> 
     </span>
     <span class='ocr_line' id='line_1_27' title="bbox 306 2292 1668 2357; baseline -0.001 -14"><span class='ocrx_word' id='word_1_156' title='bbox 306 2311 424 2343; x_wconf 89' lang='lat' dir='ltr'>cum</span> <span class='ocrx_word' id='word_1_157' title='bbox 464 2301 615 2356; x_wconf 91' lang='lat' dir='ltr'>pater</span> <span class='ocrx_word' id='word_1_158' title='bbox 651 2293 703 2341; x_wconf 89' lang='lat' dir='ltr'>in</span> <span class='ocrx_word' id='word_1_159' title='bbox 741 2300 854 2343; x_wconf 79' lang='lat' dir='ltr'>nati</span> <span class='ocrx_word' id='word_1_160' title='bbox 890 2293 1127 2357; x_wconf 91' lang='lat' dir='ltr'>trepidus</span> <span class='ocrx_word' id='word_1_161' title='bbox 1164 2300 1366 2342; x_wconf 88' lang='lat' dir='ltr'>cervice</span> <span class='ocrx_word' id='word_1_162' title='bbox 1402 2292 1668 2356; x_wconf 88' lang='lat' dir='ltr'>pependit,</span> 
     </span>
     <span class='ocr_line' id='line_1_28' title="bbox 374 2371 1608 2434; baseline 0.001 -15"><span class='ocrx_word' id='word_1_163' title='bbox 374 2380 426 2420; x_wconf 90' lang='lat' dir='ltr'>et</span> <span class='ocrx_word' id='word_1_164' title='bbox 463 2372 633 2420; x_wconf 88' lang='lat' dir='ltr'>verita</span> <span class='ocrx_word' id='word_1_165' title='bbox 668 2379 750 2420; x_wconf 90' lang='lat' dir='ltr'>est</span> <span class='ocrx_word' id='word_1_166' title='bbox 786 2380 1000 2421; x_wconf 69' lang='lat' dir='ltr'>umeros</span> <span class='ocrx_word' id='word_1_167' title='bbox 1037 2382 1188 2420; x_wconf 77' lang='lat' dir='ltr'>urere</span> <span class='ocrx_word' id='word_1_168' title='bbox 1225 2373 1439 2420; x_wconf 88' lang='lat' dir='ltr'>flamma</span> <span class='ocrx_word' id='word_1_169' title='bbox 1474 2371 1608 2434; x_wconf 79' lang='lat' dir='ltr'>pi6s.</span> 
     </span>
     <span class='ocr_line' id='line_1_29' title="bbox 250 2450 1586 2513; baseline -0.004 -10"><span class='ocrx_word' id='word_1_170' title='bbox 250 2472 291 2503; x_wconf 82' lang='lat'>45</span> <span class='ocrx_word' id='word_1_171' title='bbox 307 2457 433 2499; x_wconf 90' lang='lat' dir='ltr'>tunc</span> <span class='ocrx_word' id='word_1_172' title='bbox 469 2450 630 2498; x_wconf 89' lang='lat' dir='ltr'>animi</span> <span class='ocrx_word' id='word_1_173' title='bbox 666 2458 858 2499; x_wconf 74' lang='lat' dir='ltr'>venere</span> <span class='ocrx_word' id='word_1_174' title='bbox 896 2451 1028 2499; x_wconf 86' lang='lat' dir='ltr'>Deci</span> <span class='ocrx_word' id='word_1_175' title='bbox 1067 2452 1319 2513; x_wconf 80' lang='lat' dir='ltr'>Brutique</span> <span class='ocrx_word' id='word_1_176' title='bbox 1356 2458 1586 2508; x_wconf 72' lang='lat' dir='ltr'>secures,</span> 
     </span>
     <span class='ocr_line' id='line_1_30' title="bbox 376 2527 1588 2590; baseline -0.001 -13"><span class='ocrx_word' id='word_1_177' title='bbox 376 2528 519 2577; x_wconf 88' lang='lat' dir='ltr'>vexit</span> <span class='ocrx_word' id='word_1_178' title='bbox 555 2535 607 2576; x_wconf 91' lang='lat' dir='ltr'>et</span> <span class='ocrx_word' id='word_1_179' title='bbox 645 2527 761 2590; x_wconf 92' lang='lat' dir='ltr'>ipsa</span> <span class='ocrx_word' id='word_1_180' title='bbox 797 2534 882 2576; x_wconf 90' lang='lat' dir='ltr'>sui</span> <span class='ocrx_word' id='word_1_181' title='bbox 919 2528 1165 2577; x_wconf 89' lang='lat' dir='ltr'>Caesaris</span> <span class='ocrx_word' id='word_1_182' title='bbox 1203 2545 1351 2576; x_wconf 88' lang='lat' dir='ltr'>arma</span> <span class='ocrx_word' id='word_1_183' title='bbox 1387 2529 1588 2586; x_wconf 88' lang='lat' dir='ltr'>Venus,</span> 
     </span>
     <span class='ocr_line' id='line_1_31' title="bbox 307 2605 1602 2669; baseline -0.001 -14"><span class='ocrx_word' id='word_1_184' title='bbox 307 2623 456 2655; x_wconf 89' lang='lat' dir='ltr'>arma</span> <span class='ocrx_word' id='word_1_185' title='bbox 492 2605 819 2669; x_wconf 88' lang='lat' dir='ltr'>resurgentis</span> <span class='ocrx_word' id='word_1_186' title='bbox 858 2614 1076 2668; x_wconf 82' lang='lat' dir='ltr'>portans</span> <span class='ocrx_word' id='word_1_187' title='bbox 1114 2606 1350 2654; x_wconf 88' lang='lat' dir='ltr'>victricia</span> <span class='ocrx_word' id='word_1_188' title='bbox 1384 2606 1602 2655; x_wconf 74' lang='lat' dir='ltr'>TrOiae:</span> 
     </span>
     <span class='ocr_line' id='line_1_32' title="bbox 375 2684 1405 2746; baseline -0.001 -13"><span class='ocrx_word' id='word_1_189' title='bbox 375 2685 499 2733; x_wconf 77' lang='lat' dir='ltr'>felix</span> <span class='ocrx_word' id='word_1_190' title='bbox 537 2692 678 2733; x_wconf 87' lang='lat' dir='ltr'>terra</span> <span class='ocrx_word' id='word_1_191' title='bbox 713 2691 838 2732; x_wconf 62' lang='lat' dir='ltr'>tuns</span> <span class='ocrx_word' id='word_1_192' title='bbox 874 2684 1031 2746; x_wconf 75' lang='lat' dir='ltr'>cepit,</span> <span class='ocrx_word' id='word_1_193' title='bbox 1076 2685 1203 2742; x_wconf 80' lang='lat' dir='ltr'>Iule,</span> <span class='ocrx_word' id='word_1_194' title='bbox 1246 2685 1405 2742; x_wconf 77' lang='lat' dir='ltr'>de6s3</span> 
     </span>
     <span class='ocr_line' id='line_1_33' title="bbox 308 2761 1660 2825; baseline -0.001 -13"><span class='ocrx_word' id='word_1_195' title='bbox 308 2770 354 2812; x_wconf 92' lang='lat' dir='ltr'>si</span> <span class='ocrx_word' id='word_1_196' title='bbox 390 2763 549 2812; x_wconf 90' lang='lat' dir='ltr'>modo</span> <span class='ocrx_word' id='word_1_197' title='bbox 585 2761 861 2810; x_wconf 80' lang='lat' dir='ltr'>Avernalis</span> <span class='ocrx_word' id='word_1_198' title='bbox 898 2762 1153 2810; x_wconf 85' lang='lat' dir='ltr'>tremulae</span> <span class='ocrx_word' id='word_1_199' title='bbox 1190 2769 1395 2811; x_wconf 88' lang='lat' dir='ltr'>cortina</span> <span class='ocrx_word' id='word_1_200' title='bbox 1431 2761 1660 2825; x_wconf 90' lang='lat' dir='ltr'>Sibyllae</span> 
     </span>
     <span class='ocr_line' id='line_1_34' title="bbox 251 2840 1424 2902; baseline -0.001 -13"><span class='ocrx_word' id='word_1_201' title='bbox 251 2863 292 2894; x_wconf 78' lang='lat'>50</span> <span class='ocrx_word' id='word_1_202' title='bbox 375 2842 507 2889; x_wconf 84' lang='lat' dir='ltr'>dixit</span> <span class='ocrx_word' id='word_1_203' title='bbox 544 2842 808 2889; x_wconf 81' lang='lat' dir='ltr'>Aventin6</span> <span class='ocrx_word' id='word_1_204' title='bbox 846 2850 968 2888; x_wconf 79' lang='lat' dir='ltr'>rura</span> <span class='ocrx_word' id='word_1_205' title='bbox 1004 2840 1200 2902; x_wconf 88' lang='lat' dir='ltr'>pianda</span> <span class='ocrx_word' id='word_1_206' title='bbox 1239 2841 1424 2898; x_wconf 78' lang='lat' dir='ltr'>Remc&#39;&gt;‚</span> 
     </span>
     <span class='ocr_line' id='line_1_35' title="bbox 308 2917 1599 2983; baseline -0.002 -15"><span class='ocrx_word' id='word_1_207' title='bbox 308 2928 400 2968; x_wconf 88' lang='lat' dir='ltr'>aut</span> <span class='ocrx_word' id='word_1_208' title='bbox 438 2927 482 2968; x_wconf 88' lang='lat' dir='ltr'>si</span> <span class='ocrx_word' id='word_1_209' title='bbox 520 2921 844 2983; x_wconf 87' lang='lat' dir='ltr'>Pergameae</span> <span class='ocrx_word' id='word_1_210' title='bbox 881 2925 1001 2966; x_wconf 64' lang='lat' dir='ltr'>serf&gt;</span> <span class='ocrx_word' id='word_1_211' title='bbox 1039 2926 1154 2966; x_wconf 91' lang='lat' dir='ltr'>rata</span> <span class='ocrx_word' id='word_1_212' title='bbox 1190 2918 1425 2967; x_wconf 90' lang='lat' dir='ltr'>carmina</span> <span class='ocrx_word' id='word_1_213' title='bbox 1459 2917 1599 2967; x_wconf 77' lang='lat' dir='ltr'>vatis</span> 
     </span>
     <span class='ocr_line' id='line_1_36' title="bbox 376 2996 1600 3061; baseline -0.001 -16"><span class='ocrx_word' id='word_1_214' title='bbox 376 2998 697 3061; x_wconf 88' lang='lat' dir='ltr'>longaevum</span> <span class='ocrx_word' id='word_1_215' title='bbox 734 2997 802 3045; x_wconf 90' lang='lat' dir='ltr'>ad</span> <span class='ocrx_word' id='word_1_216' title='bbox 840 2996 1035 3044; x_wconf 85' lang='lat' dir='ltr'>Priami</span> <span class='ocrx_word' id='word_1_217' title='bbox 1070 3003 1197 3045; x_wconf 76' lang='lat' dir='ltr'>vera</span> <span class='ocrx_word' id='word_1_218' title='bbox 1233 2996 1378 3045; x_wconf 71' lang='lat' dir='ltr'>fuere</span> <span class='ocrx_word' id='word_1_219' title='bbox 1413 3005 1600 3059; x_wconf 89' lang='lat' dir='ltr'>caput:</span> 
     </span>
    </p>
   </div>
  </div>
 </body>
</html>
