1956 3242
592 222 891 283 Excerpta
931 217 1146 268 Brevia
1591 232 1611 265 1
1625 231 1645 265 1

834 356 900 407 23

428 459 665 506 Turnus
701 458 995 505 TEREN’russ
1014 467 1150 503 SUAE
1175 467 1218 502 s.
1249 466 1302 503 D.

155 580 211 626 In
247 577 490 626 maximis
525 583 654 625 meis
687 574 957 623 doloribus
990 570 1254 621 excruciat
1287 577 1370 618 me
1406 568 1655 617 valetudo

85 655 285 703 Tulliae
318 662 547 703 nostrae.
619 653 684 700 de
720 660 825 714 qua
861 650 984 698 nihil
1021 656 1102 697 est
1137 647 1278 710 quod
1315 646 1382 694 ad
1418 653 1470 694 te
1506 646 1656 707 plura

87 733 338 779 scribam:
387 729 652 778 tibixenim
690 735 855 790 aeque
892 735 1119 788 magnae
1154 735 1310 772 curae
1352 738 1468 771 esse
1510 728 1655 770 certo
1720 712 1845 775 ωἶρ
1892 754 1894 756 >

87 808 211 856 scio.
287 808 427 870 quod
475 814 558 855 me
606 805 820 867 propius
867 803 1024 852 voltis
1072 802 1335 858 accedere,
1381 799 1536 847 video
1584 798 1657 845 ita

87 901 204 933 esse
233 883 560 953 faciendumO
619 869 777 937 eniam
809 888 930 928 ante
963 879 1224 935 fecissem,
1256 877 1349 925 sed
1379 883 1462 924 me
1492 876 1692 923 multas

90 961 473 1022 impediverunt
513 975 648 1021 quae
679 966 755 1009 >ne
798 973 934 1007 nunc
975 956 1183 1018 quidem
1226 954 1470 1016 expedita
1512 959 1650 999 sunt.

32 1046 35 1049 '
89 1038 181 1085 sed
215 1046 247 1085 a
279 1036 573 1098 Pomponio
608 1041 858 1096 exspecto
891 1035 1256 1097 litteras,quas
1287 1031 1352 1078 ad
1386 1037 1469 1078 me
1500 1044 1658 1091 quam

89 1121 312 1175 primum
372 1113 705 1175 perferendas
758 1118 909 1159 cures
968 1109 1138 1158 velim.
1213 1108 1284 1156 da
1335 1122 1548 1169 operam
1600 1112 1658 1153 ut

90 1192 284 1239 valeas.

839 1262 905 1311 24

159 1366 300 1412 Pons
359 1362 608 1412 sublicius
662 1361 759 1409 iter
816 1376 981 1422 paene
1039 1358 1279 1407 hostibus
1334 1356 1491 1405 dedit.
1567 1355 1661 1404 sed

95 1440 351 1490 Horatius
410 1439 612 1496 Cocles,
676 1454 794 1486 curn
857 1444 1070 1498 captum
1135 1440 1406 1496 repentino
1464 1433 1660 1494 impetu

95 1517 382 1566 Ianiculum
434 1515 669 1573 vidisset,
727 1514 1015 1571 ‘Pontem‚’
1071 1512 1254 1575 inquit,
1311 1511 1479 1559 ‘ferro
1531 1515 1657 1572 igni,

90 1603 418 1657 quacumque
453 1599 506 1640 vi
540 1591 780 1654 potestis,
821 1589 1196 1651 interrumpite.
1272 1604 1375 1651 ego
1411 1578 1674 1648 impetum'

91 1670 320 1719 hostium
368 1669 662 1732 excipiam.’
731 1667 878 1716 vadit
925 1667 1044 1715 inde
1092 1666 1142 1713 in
1191 1672 1414 1727 primum
1463 1663 1699 1711 aditum5

92 1748 281 1810 pontis.
357 1746 492 1794 duos
526 1753 702 1793 tamen
735 1761 853 1793 cum
891 1751 955 1793 eo
992 1744 1160 1806 pudor
1196 1741 1379 1799 tenuit,
1419 1740 1663 1802 Spurium

97 1823 335 1872 Larcium
366 1839 428 1871 ac
456 1822 633 1870 Titum
667 1820 1013 1879 Herminium,
1051 1821 1239 1868 ambos
1270 1819 1442 1866 claros
1473 1832 1665 1880 genere

96 1901 368 1963 factisque.
443 1915 562 1947 cum
598 1900 679 1946 his
716 1905 937 1960 primam
980 1897 1194 1959 periculi
1230 1895 1510 1957 procellam
1553 1909 1666 1941 sus-

94 1977 276 2026 tinuit:
313 1975 500 2024 deinde
533 1982 624 2024 eos
658 1991 865 2038 quoque
898 1974 1042 2036 ipsos
1079 1973 1273 2036 exigua
1308 1979 1456 2033 parte
1492 1969 1667 2032 pontis

99 2054 294 2112 relicta,
324 2053 512 2102 cedere
536 2052 586 2100 in
613 2059 784 2100 tutum
816 2051 1010 2113 coegit.
1086 2055 1317 2098 cunctati
1347 2046 1667 2111 aliquamdiu
1683 2061 1725 2095 10

97 2139 220 2180 sunt
251 2131 450 2188 hostes,
484 2130 610 2177 dum
644 2128 776 2176 alius
810 2128 986 2185 alium,
1021 2134 1079 2175 ut
1112 2125 1365 2189 proelium
1398 2124 1664 2186 incipiant,

99 2208 553 2270 circumspectant.
630 2205 798 2267 pudor
838 2204 1025 2253 deinde
1060 2203 1348 2252 commovit
1390 2202 1570 2260 aciem,
1618 2208 1670 2249 et

100 2285 330 2333 clamore
366 2283 576 2332 sublato
612 2281 840 2345 undique
876 2281 926 2329 in
964 2292 1126 2329 unum
1162 2281 1368 2329 hostem
1405 2280 1515 2328 tela
1549 2294 1670 2327 con-

100 2361 276 2410 iciunt.
352 2377 487 2423 quae
511 2377 630 2409 cum
657 2360 708 2407 in
733 2359 939 2408 obiecto
963 2366 1154 2407 cuncta
1178 2365 1330 2407 scuto
1356 2357 1666 2414 haesissent,

99 2438 202 2486 iam
239 2439 435 2500 impetn
471 2438 800 2486 conabantur
832 2436 1109 2485 detrudere
1141 2435 1327 2492 virum,
1365 2451 1483 2482 cum
1517 2433 1670 2482 simul
1687 2448 1727 2480 1⁵

100 2515 281 2577 fragor
328 2520 467 2576 rupti
506 2513 682 2576 pontis
732 2512 884 2561 simul
926 2513 1124 2561 clamor
1173 2513 1532 2561 Romanorum
1580 2510 1673 2558 irn-

100 2599 277 2653 petum
305 2590 570 2638 sustinuit.
647 2596 758 2637 tum
780 2588 967 2638 Cocles
991 2588 1257 2637 ‘Tiberine
1277 2588 1462 2650 pater‚’
1485 2586 1668 2649 inquit,

105 2670 119 2693 ‘
136 2674 189 2715 te
215 2674 394 2715 sancte
420 2682 619 2727 precor,
644 2666 773 2714 haec
799 2682 947 2714 arma
973 2672 1025 2714 et
1050 2666 1188 2713 hunc
1213 2665 1428 2712 militem
1448 2663 1675 2725 propitio

101 2742 311 2791 flumine
336 2742 562 2804 accipias
581 2742 609 2789 ’.
675 2742 749 2790 ita
775 2748 850 2790 sic
875 2748 1111 2790 armatus
1137 2741 1187 2788 in
1212 2740 1440 2788 Tiberim
1466 2739 1676 2789 desiluit

103 2826 157 2867 et
192 2818 465 2868 incolumis
502 2819 569 2866 ad
612 2825 738 2867 suos
780 2818 1026 2867 tranavit.
1101 2824 1258 2881 grata
1303 2825 1432 2880 erga
1472 2823 1674 2865 tantam
1691 2831 1731 2863 20

103 2895 350 2945 virtutem
383 2894 570 2944 civitas
605 2894 717 2943 fuit.
793 2902 973 2944 statua
1004 2894 1056 2943 in
1089 2894 1303 2943 comitio
1337 2893 1526 2956 posita,
1561 2899 1678 2956 agri

105 2980 359 3037 quantum
396 2980 503 3031 nno
539 2971 625 3020 die
662 2970 1030 3021 circumaravit
1066 2972 1264 3020 datum.
