1956 3242
290 200 355 246 62
812 196 1115 259 Excerpta
1155 195 1375 246 Brevia

289 340 415 388 dum
453 339 735 389 aedificant
771 346 1048 402 tamquam
1085 340 1245 398 beati,
1281 340 1408 388 dum
1445 339 1675 402 praediis
1711 340 1881 399 leetiS‚

288 417 501 466 familiis
548 424 777 481 magnis,
825 417 1082 466 conviviis
1125 424 1398 480 apparatis
1438 418 1787 477 delectantur,
1835 419 1885 467 in

287 504 497 544 tantum
524 512 614 545 aes
641 496 870 544 alienum
892 495 1206 554 inciderunt,
1232 503 1308 555 ut,
1334 502 1381 544 si
1406 497 1539 544 salvi
1559 512 1677 545 esse
1702 497 1881 556 velint,

231 589 271 620 55
289 574 437 623 Sulla
467 574 536 622 sit
566 575 633 622 ab
666 573 846 622 inferis
880 573 1222 622 excitandus:
1260 580 1351 637 qui
1381 573 1541 622 etiam
1575 581 1680 623 non
1712 576 1886 624 nullos

287 659 548 715 agrestes,
588 651 829 700 homines
867 658 1060 700 tenues
1098 658 1259 715 atque
1297 659 1538 714 egenteS,
1573 651 1623 700 in
1663 653 1886 701 eandem

286 729 428 778 illam
455 746 604 792 spem
635 737 943 792 rapinarum
974 736 1214 778 veterum
1245 729 1584 792 impulerunt,
1615 738 1751 793 quos
1781 746 1886 794 ego

284 815 540 871 utrosque
574 807 626 855 in
664 808 852 857 eodem
887 824 1085 872 genere
1122 809 1501 870 praedatorum
1536 809 1885 871 direptorum-

284 902 387 949 que
430 893 599 949 pono;
645 887 739 935 sed
781 893 875 935 eos
918 887 1018 934 hoc
1062 893 1281 935 moneo:
1326 886 1573 934 desinant
1609 887 1780 935 furere
1823 903 1885 936 ac

230 964 702 1027 coproscriptiones
750 972 803 1013 et
850 963 1146 1012 dictaturas
1195 963 1462 1027 cogitare:
1513 971 1697 1012 tantus
1745 964 1883 1013 enirn

284 1042 492 1090 illorum
532 1049 831 1104 temporum
872 1042 1024 1090 dolor
1060 1041 1272 1090 inustus
1309 1049 1392 1090 est
1428 1041 1650 1101 civitati,
1687 1049 1745 1090 ut
1778 1042 1882 1091 iam

283 1119 388 1168 ista
414 1127 519 1169 non
551 1121 710 1169 modo
737 1120 996 1178 homines,
1028 1119 1122 1168 sed
1149 1127 1214 1168 ne
1245 1120 1477 1182 pecudes
1511 1120 1725 1182 quidem
1757 1120 1882 1168 mihi

283 1209 541 1260 passurae
584 1214 702 1247 esse
751 1198 1044 1247 videantur.
1122 1205 1372 1261 quartum
1414 1214 1587 1261 genus
1629 1205 1711 1246 est
1754 1205 1884 1247 sane

282 1275 489 1325 varium
528 1284 580 1324 et
623 1283 850 1325 mixtum
887 1284 939 1324 et
975 1277 1356 1335 turbulentum,
1399 1283 1490 1339 qui
1532 1276 1637 1324 iam
1680 1276 1883 1339 pridem

228 1371 268 1402 65
285 1361 612 1416 premuntur,
677 1361 768 1418 qui
830 1370 1103 1417 nunquam
1167 1361 1467 1416 emergunt,
1536 1360 1628 1417 qui
1689 1354 1882 1416 partim

284 1431 489 1491 inertia,
531 1432 725 1494 partim
763 1433 900 1481 male
937 1432 1174 1495 gerendo
1211 1431 1448 1495 negotio,
1491 1431 1683 1494 partim
1721 1432 1880 1480 etiam

284 1509 587 1572 sumptibus
621 1509 675 1558 in
713 1518 890 1559 vetere
927 1526 1047 1559 aere
1084 1509 1259 1558 alieno
1295 1509 1573 1567 vacillant;
1611 1516 1702 1573 qui
1736 1510 1883 1558 vadi-

283 1588 492 1647 moniis,
546 1587 769 1647 iudiciis,
823 1588 1210 1651 proscriptione
1264 1589 1523 1636 bonorum
1578 1588 1877 1651 defatigatI,

284 1666 532 1728 permulti
556 1673 609 1713 et
635 1682 700 1714 ex
726 1667 871 1724 urbe,
903 1673 955 1714 et
985 1683 1050 1715 ex
1081 1672 1228 1729 agris
1259 1673 1317 1714 se
1349 1665 1401 1712 in
1431 1665 1520 1713 illa
1548 1673 1728 1714 castra
1758 1674 1882 1715 con-

229 1757 271 1794 7ο
285 1743 419 1791 ferre
467 1743 729 1792 dicuntur.
807 1744 968 1792 hosce
1017 1760 1120 1807 ego
1176 1751 1280 1792 non
1329 1750 1441 1791 tam
1490 1743 1683 1792 milites
1731 1752 1882 1793 acres

284 1837 444 1884 quam
483 1821 798 1870 infitiatores
836 1822 1008 1870 lentos
1051 1838 1170 1870 esse
1213 1821 1465 1878 arbitror;
1510 1828 1601 1884 qui
1637 1821 1882 1871 homines

284 1905 532 1962 primum,
572 1906 618 1947 si
654 1907 799 1947 stare
836 1906 942 1947 non
979 1907 1224 1962 possunt,
1263 1907 1539 1959 conruant‚
1582 1901 1676 1948 sed
1713 1900 1788 1948 ita
1824 1908 1883 1949 ut

285 1984 391 2026 non
418 1977 580 2026 modo
605 1977 812 2035 civitas,
844 1978 938 2026 sed
964 1985 1030 2026 ne
1059 1984 1218 2026 vicini
1247 1977 1460 2041 quidem
1490 1977 1734 2040 proximi,
1765 1994 1882 2027 sen-

284 2055 437 2103 tiant.
514 2071 638 2103 nam
687 2054 814 2103 illud
863 2063 968 2104 non
1017 2055 1287 2119 intellego,
1336 2071 1497 2118 quam
1546 2057 1614 2104 ob
1663 2072 1790 2115 rem,
1838 2062 1883 2104 si

230 2148 270 2185 75
286 2140 463 2182 vivere
505 2134 728 2182 honeste
776 2141 881 2182 non
931 2141 1175 2196 possunt,
1222 2140 1391 2196 perire
1433 2133 1657 2196 turpiter
1699 2134 1877 2192 velint,

286 2218 379 2259 aut
404 2227 498 2259 cur
524 2211 725 2260 minore
751 2212 932 2260 dolore
958 2212 1221 2274 perituros
1253 2219 1311 2260 se
1341 2228 1461 2260 curn
1493 2211 1691 2270 multis,
1721 2228 1882 2275 quam

287 2295 333 2336 si
358 2288 458 2337 soli
483 2296 718 2350 pereant,
745 2289 1079 2337 arbitrentur.
1157 2296 1401 2352 quintum
1425 2305 1599 2353 genus
1619 2297 1700 2337 est
1720 2290 1882 2351 parri-

286 2367 542 2426 cidarum,
568 2367 897 2426 sicariorum,
923 2367 1149 2430 denique
1175 2367 1411 2416 omnium
1431 2367 1852 2416 facinorosorum
1867 2383 1880 2426 ;

287 2451 424 2508 quos
461 2460 565 2507 ego
601 2452 635 2492 a
670 2445 902 2493 Catilina
938 2452 1043 2493 non
1082 2453 1300 2504 revoc63
1346 2461 1470 2493 nam
1508 2461 1678 2508 neque
1714 2447 1782 2494 ab
1819 2453 1883 2494 eo

232 2543 274 2575 80
288 2523 465 2571 divelli
493 2530 720 2585 possunt
746 2530 798 2572 et
823 2531 1042 2586 pereant
1072 2531 1201 2572 sane
1228 2523 1277 2571 in
1305 2523 1601 2582 latrocinio,
1632 2523 1882 2586 quoniam

288 2608 413 2649 sunt
439 2601 513 2649 ita
539 2602 706 2661 multi,
737 2610 796 2649 ut
822 2609 914 2650 eos
940 2617 1119 2650 career
1144 2617 1333 2664 capere
1359 2609 1467 2651 non
1494 2601 1680 2665 possit.

1053 2779 1121 2830 60

360 2914 476 2961 Hac
510 2912 732 2961 victoria
770 2913 1013 2961 sublatus
1052 2913 1326 2962 Ambiorix
1364 2913 1544 2962 statim
1583 2929 1702 2962 cum
1740 2913 1883 2976 equi-

290 2997 405 3041 tatu
455 2990 504 3039 in
555 2991 883 3049 AduatuCOS,
937 2997 1027 3057 qui
1077 2999 1227 3042 erant
1275 2991 1389 3042 eius
1439 2998 1606 3057 regno
1654 2990 1877 3050 finitimi,
