1956 3242
281 220 347 281 46
551 216 553 219 ’
799 216 1103 280 Excerpta
1142 216 1362 267 Brevia

283 361 350 408 ab
375 361 504 409 urbe
537 360 782 408 Romana
806 367 859 408 et
896 359 1049 408 Latio
1082 376 1218 419 esse,
1248 367 1300 409 et
1325 376 1484 422 posse
1510 361 1622 410 sine
1647 369 1790 411 metu
1817 362 1869 411 in

282 445 428 501 agris
455 439 699 496 habitari,
726 437 939 486 minime
964 445 1244 487 convenire
1272 438 1479 487 Siciliae
1498 455 1658 502 quam
1687 434 1870 489 ltaliae

282 517 534 565 colendae
561 516 815 564 maiorem
836 526 1018 564 curam
1038 532 1172 564 esse.
1228 517 1322 564 sed
1349 523 1432 564 res
1459 517 1870 580 haudquaquam

282 602 395 642 erat
444 595 643 657 populo
691 593 878 652 facilis,
931 602 984 642 et
1032 595 1208 642 liberis
1256 594 1548 642 cultoribus
1595 596 1734 643 bello
1781 597 1871 644 ab·

228 684 267 717 30
283 679 510 735 sumptis
544 680 596 720 et
634 673 813 735 inopia
849 672 1183 721 servitiorum
1222 680 1274 721 et
1311 689 1499 735 pecore
1536 674 1745 735 direpto
1778 674 1871 722 vil-

282 751 450 814 lisque
507 752 695 798 dirutis
753 758 845 799 aut
905 751 1150 798 incensis.
1252 759 1451 814 magna
1508 759 1686 799 tamen
1747 768 1870 814 pars

281 829 600 877 auctoritate
633 830 913 877 consulum
947 829 1223 891 compulsa
1255 828 1306 876 in
1338 836 1503 892 agros
1541 829 1864 892 remigravit.

282 914 557 955 moverant
601 915 779 955 autem
823 907 1041 954 huiusce
1091 913 1164 955 rei
1212 906 1533 955 mentionem
1577 909 1871 956 Placentin-

281 991 433 1032 orum
494 992 546 1033 et
606 985 1047 1033 Cremonensium
1107 986 1291 1047 legati,
1344 992 1625 1048 querentes
1681 1002 1871 1049 agrum

226 1075 266 1106 35
283 1079 437 1110 suum
481 1065 548 1111 ab
597 1063 792 1111 accolis
841 1063 1006 1110 Gallis
1051 1062 1310 1111 incursari
1352 1079 1414 1111 ac
1455 1069 1673 1121 vastari,
1721 1071 1872 1126 mag-

282 1157 510 1203 namque
558 1148 764 1203 partem
806 1141 1120 1189 colonorum
1164 1147 1383 1188 suorum
1426 1142 1687 1202 dilapsam
1731 1157 1866 1199 esse,

282 1226 335 1267 et
390 1219 495 1266 iam
551 1218 911 1282 infrequentes
960 1225 1018 1267 se
1071 1220 1251 1277 urbes,
1302 1234 1493 1281 agrum
1541 1225 1754 1266 vastum
1810 1235 1872 1267 ac

282 1297 553 1344 desertum
597 1297 807 1344 habere.
900 1296 1121 1345 Manilio
1164 1302 1400 1359 praetori
1442 1297 1770 1354 mandatum,
1814 1304 1872 1344 ut

282 1374 520 1423 colonias
569 1376 636 1422 ab
693 1374 848 1422 hoste
894 1381 1159 1432 tueretur3
1220 1374 1473 1422 consules
1530 1390 1595 1422 ex
1653 1381 1872 1422 senatus

226 1464 267 1496 40
283 1453 528 1500 consulto
560 1453 856 1510 edixerunt,
887 1460 945 1500 ut
977 1459 1068 1515 qui
1103 1459 1247 1501 cives
1285 1452 1676 1500 Cremonenses
1714 1459 1873 1514 atque

284 1531 577 1579 Placentini
635 1537 830 1588 essent,
885 1537 1008 1578 ante
1067 1538 1266 1578 certam
1327 1530 1466 1578 diem
1526 1529 1575 1576 in
1636 1529 1872 1578 colonias

283 1615 685 1657 reverterentur.
784 1607 1042 1670 principio
1098 1607 1287 1656 deinde
1342 1614 1482 1656 veris
1538 1615 1591 1655 et
1649 1607 1751 1670 ipsi
1804 1607 1873 1655 ad

282 1687 477 1735 bellum
514 1687 737 1749 profecti
773 1693 912 1734 sunt.

1047 1881 1115 1932 50

907 2006 1113 2055 A.V.C.
1158 2019 1256 2070 549

337 2127 395 2182 [A
423 2134 566 2179 stone,
599 2130 764 2170 known
794 2143 848 2170 as
882 2130 1000 2169 “the
1030 2130 1205 2169 mother
1230 2128 1278 2168 of
1304 2129 1380 2168 the
1408 2128 1528 2180 gods
1543 2129 1580 2178 ”,
1612 2129 1649 2169 is
1678 2128 1876 2181 brought

283 2193 396 2234 from
423 2194 534 2234 Asia
562 2195 708 2235 Minor
733 2199 781 2234 to
813 2195 970 2243 Rome,
1002 2195 1044 2234 in
1075 2195 1149 2234 the
1179 2194 1294 2246 hope
1324 2195 1423 2233 that
1453 2193 1682 2233 Hannibal
1710 2193 1873 2242 would,

283 2271 340 2298 on
369 2263 560 2298 account
589 2259 641 2298 of
663 2259 721 2299 its
752 2259 1020 2299 miraculous
1049 2272 1215 2311 power,
1250 2258 1304 2298 be
1334 2258 1487 2298 driven
1518 2258 1631 2298 from
1664 2256 1815 2311 Italy.]

351 2391 637 2439 Civitatem
668 2398 733 2439 eo
770 2398 1007 2453 tempore
1045 2398 1234 2453 repens
1272 2390 1460 2454 religio
1496 2390 1765 2438 invaserat
1801 2389 1876 2436 in-

283 2476 446 2517 vento
487 2469 719 2518 carmine
763 2469 813 2516 in
863 2469 1009 2517 libris
1060 2468 1328 2532 Sibyllinis
1377 2475 1592 2530 propter
1639 2467 1874 2516 crebrius

284 2554 349 2594 eo
396 2554 538 2595 anno
587 2547 653 2595 de
701 2548 849 2595 caelo
898 2546 1191 2609 lapidatum
1240 2552 1510 2609 inspectis,
1558 2546 1876 2608 quandoque

284 2625 455 2673 hostis
482 2625 783 2688 alienigena
807 2632 979 2673 terrae
1009 2619 1192 2672 Italiae
1218 2625 1413 2672 bellum
1442 2624 1723 2682 intulisset,
1754 2639 1874 2672 eum

250 2704 406 2765 5pelli
448 2697 602 2751 ltalia
639 2703 880 2765 vincique
920 2718 1097 2764 posse,
1139 2708 1186 2750 si
1225 2710 1394 2750 mater
1436 2696 1596 2749 ldaea
1633 2709 1666 2748 a
1705 2700 1876 2748 Pessi-

285 2788 448 2828 nunte
488 2781 715 2829 Romam
749 2781 974 2828 advecta
1005 2779 1156 2827 foret.
1234 2779 1286 2827 id
1322 2795 1534 2828 carmen
1568 2779 1635 2826 ab
1671 2778 1876 2826 decem-

285 2857 411 2905 viris
437 2858 709 2906 inventum
731 2865 795 2905 eo
821 2857 994 2920 magis
1021 2863 1204 2918 patres
1231 2857 1417 2915 movit,
1442 2856 1584 2919 quod
1610 2862 1662 2902 et
1689 2855 1870 2917 legati,

285 2941 377 2998 qui
409 2936 607 2983 donum
640 2936 881 2998 Delphos
915 2942 1275 2997 portaverant,
1308 2934 1604 2982 referebant
1634 2940 1686 2980 et
1717 2931 1875 2980 sacri-

287 3013 568 3061 ficantibus
608 3013 737 3075 ipsis
778 3012 969 3076 Pythio
1008 3011 1238 3074 Apollini
1280 3012 1421 3059 laeta
1458 3018 1582 3058 exta
1620 3009 1784 3057 fuisse
1822 3015 1875 3057 et
