1956 3242
644 211 942 272 Excerpta
982 209 1197 278 Brevia
1638 225 1692 274 51

138 352 508 400 desiderabant
562 350 614 398 in
670 359 855 400 senatu
911 351 1291 399 instantissime
1339 359 1397 398 ut
1449 351 1699 412 pecuniae

135 428 508 485 Antiochenae‚
539 429 867 491 praedaeque
892 445 1026 491 quae
1056 428 1106 475 in
1132 435 1196 476 eo
1225 428 1360 476 bello
1385 435 1542 488 capta
1566 435 1694 484 erat,

135 504 393 553 rationem
418 505 671 553 redderet.
746 505 916 553 fuerat
942 505 1077 553 enim
1106 506 1161 552 L.
1185 505 1417 566 Scipioni
1441 504 1693 562 Asiatico,
1714 519 1756 552 30

135 581 284 629 fratri
324 588 423 629 suo
463 581 765 643 imperatori
807 582 857 628 in
896 590 959 629 ea
999 581 1282 644 provincia,
1327 582 1554 644 legatus.
1630 581 1698 629 ibi

136 657 312 720 Scipio
348 658 603 720 exsurgit,
645 666 697 706 et
735 659 945 720 prolato
986 665 1014 706 ἑ
1056 659 1171 705 sinu
1210 666 1369 720 togae
1409 658 1541 705 libro
1580 658 1700 705 rati-

134 741 263 783 ones
302 733 353 781 in
392 741 456 782 eo
493 750 610 782 esse
649 741 874 796 scriptos
915 751 1032 783 esse
1070 735 1201 781 dixit
1238 735 1408 782 omnis
1450 734 1699 795 pecuniae

134 811 408 873 omnisque
438 811 678 873 praedae.
755 811 826 858 illi
862 818 973 858 tum
1006 818 1063 859 ut
1099 812 1272 873 palam
1310 811 1614 859 recitaretur
1649 818 1700 859 et

135 889 202 936 ad
249 888 506 936 aerarium
554 887 857 936 deferretur.
955 889 1090 936 ‘Sed
1146 888 1282 936 enim
1335 888 1387 935 id
1437 887 1541 935 iam
1595 894 1699 935 non
1715 903 1755 934 35

136 964 360 1023 faciam,'
392 964 575 1027 inquit,
615 968 740 1012 ‘nec
773 971 856 1012 me
889 964 1060 1026 ipsum
1094 964 1316 1012 afficiam
1345 963 1698 1012 contumelia)

135 1057 358 1104 eumque
399 1041 587 1089 librum
626 1041 806 1088 statim
844 1048 1021 1089 coram
1060 1041 1268 1089 discidit
1308 1048 1416 1088 suis
1459 1041 1700 1088 manibus

136 1126 188 1167 et
219 1117 539 1179 concerpsit:
588 1125 748 1180 aegre
781 1134 972 1179 passus
1005 1119 1163 1179 quod,
1201 1124 1285 1165 cui
1321 1119 1464 1165 salus
1502 1117 1702 1179 imperii

136 1210 198 1243 ac
234 1194 547 1257 reipublicae
582 1202 800 1256 accepta
836 1195 957 1242 ferri
992 1195 1223 1254 deberet,
1255 1194 1509 1243 rationem
1547 1205 1701 1256 pecu-

136 1270 252 1318 niae
288 1271 637 1332 praedaticiae
673 1277 991 1333 posceretur.
1716 1286 1757 1317 40

886 1454 951 1504 54

203 1577 509 1636 Numantia,
533 1584 788 1640 quantum
816 1578 1171 1641 Carthaginis,
1202 1578 1434 1639 Capuae,
1466 1577 1703 1625 Corinthi

136 1655 323 1718 opibus
370 1654 597 1713 inferior,
644 1654 718 1703 ita
759 1655 966 1702 virtutis
1015 1655 1223 1703 nomine
1265 1662 1317 1702 et
1364 1655 1564 1703 honore
1608 1662 1704 1716 par

135 1731 397 1790 omnibus,
434 1748 819 1794 summumque,
857 1738 901 1779 si
930 1731 1071 1780 viros
1108 1731 1374 1790 aestimes,
1414 1731 1703 1793 Hispaniae

136 1809 322 1856 decus:
359 1807 550 1870 quippe
580 1808 690 1856 sine
721 1815 888 1866 muro,
918 1808 1029 1856 sine
1054 1808 1301 1866 turribus,
1332 1808 1535 1856 modice
1561 1807 1704 1855 edito

137 1885 188 1932 in
224 1885 427 1932 tumulo
463 1885 603 1946 apud
638 1885 830 1932 flumen
869 1886 1091 1932 Durium
1129 1886 1247 1943 sita,
1289 1891 1539 1947 quattuor
1574 1884 1740 1931 mili-5

135 1962 234 2009 bus
268 1961 647 2009 Celtiberorum
682 1961 1037 2024 quadraginta
1072 1961 1270 2009 milium
1299 1962 1583 2010 exercitum
1613 1977 1705 2023 per

136 2044 304 2086 annos
351 2038 770 2099 quattuordecim
818 2039 932 2086 sola
979 2038 1253 2086 sustinuit:
1314 2054 1409 2086 nec
1456 2038 1705 2086 sustinuit

137 2114 312 2172 modo,
360 2114 451 2161 sed
500 2113 709 2161 saevius
751 2113 1021 2176 aliquanto
1062 2114 1296 2176 perculit,
1344 2115 1705 2176 pudendisque

137 2190 434 2239 foederibus
482 2191 672 2238 affecit.
771 2190 1056 2239 novissime
1110 2208 1228 2239 cum
1284 2191 1532 2239 invictam
1589 2208 1705 2239 esse

136 2275 420 2326 constaret,
472 2284 606 2329 opus
654 2283 863 2330 quoque
909 2275 973 2316 eo
1020 2268 1133 2327 fuit,
1186 2275 1275 2331 qui
1328 2269 1704 2331 Carthaginem
1723 2285 1761 2315 10

137 2351 412 2394 everterat.
488 2344 620 2392 duce
663 2344 922 2406 Scipione,
964 2345 1302 2408 Carthaginis
1346 2345 1596 2394 incendiis
1639 2347 1705 2393 ad

137 2421 340 2470 excidia
371 2421 577 2469 urbium
611 2421 831 2480 imbuto,
861 2422 912 2469 in
946 2423 1195 2470 ultionem
1229 2423 1510 2471 excanduit
1544 2439 1706 2484 popu-

137 2498 218 2546 lus
258 2499 545 2546 Romanus.
628 2499 720 2546 sed
757 2506 881 2547 tunc
917 2500 1088 2548 acrius
1125 2500 1176 2546 in
1212 2506 1417 2557 castris,
1459 2516 1616 2562 quarn
1655 2499 1706 2546 in

137 2582 342 2637 eampo,
390 2581 574 2623 nostro
616 2591 735 2623 cum
783 2576 961 2635 milite,
1008 2593 1166 2639 quam
1214 2593 1332 2624 cum
1382 2577 1707 2624 Numantino

139 2651 497 2715 proeliandum
550 2652 663 2699 fuit.
761 2652 953 2715 quippe
1005 2653 1232 2701 assiduis
1285 2660 1337 2701 et
1395 2653 1602 2701 iniustis
1655 2660 1707 2700 et
1723 2669 1763 2700 15

139 2729 414 2777 servilibus
473 2728 700 2776 maxime
758 2730 1002 2791 operibus
1061 2737 1244 2788 attrIti,
1307 2730 1439 2778 ferre
1503 2729 1707 2792 plenius

138 2805 351 2863 vallum,
404 2811 493 2868 qui
545 2821 692 2853 arma
738 2813 1026 2864 nescirent3
1086 2808 1198 2854 luto
1250 2807 1509 2869 inquinari
1563 2805 1708 2868 (dum

140 2882 336 2930 vallum
373 2881 674 2946 munirent),
708 2889 797 2945 qui
833 2884 1088 2946 sanguine
1125 2884 1338 2941 nollent,
1374 2883 1700 2931 iubebantur.

142 2965 276 3008 tanti
339 2974 456 3007 esse
521 2959 823 3017 exercitum,
891 2967 1074 3023 quanti
1138 2961 1522 3023 imperatorem,
1585 2966 1708 3008 vere
