1956 3242
591 208 892 270 E'xcerpta
930 205 1148 256 Brevia
1592 221 1612 255 ι
1620 222 1650 270 3

82 348 335 398 censtitit.
410 348 480 397 ibi
505 364 625 398 curn
650 349 964 411 stipendium
993 347 1243 395 militibus
1263 347 1397 395 forte
1415 346 1647 405 daretur,

84 428 254 474 scriba
278 442 396 474 cum
423 432 548 488 rege
568 426 756 474 sedens
776 432 889 487 pari
914 425 1020 473 fere
1040 432 1229 472 ornatu
1250 425 1415 471 multa
1433 425 1645 486 agebat.

85 503 291 551 Mucius
321 502 514 550 timens
545 502 800 551 sciscitari
825 510 939 550 uter
969 502 1236 549 Porsenna
1261 508 1401 549 esset
1427 502 1651 548 scribam

84 586 179 642 pre
199 587 322 642 rege
341 581 636 627 obtruncat.
711 580 989 627 vadentem
1010 578 1128 627 inde
1144 594 1261 626 cum
1280 578 1650 639 reprehensum

84 656 215 719 regii
240 655 494 704 satellites
525 655 883 714 retraxissent‚
914 663 1035 703 ante
1064 655 1291 703 tribunal
1323 654 1464 716 regis
1494 654 1652 702 desti·
1668 672 1707 703 15

83 740 422 780 tutus—tum
481 748 689 795 quoque
747 732 882 780 inter
943 739 1120 779 tantas
1179 731 1420 779 fortunae
1483 730 1652 778 minas

83 810 394 858 metuendus
431 809 604 872 magis
640 825 796 871 quam
837 811 1166 856 metuens—‘
1187 808 1459 856 Romanus
1496 808 1651 865 sum,’

83 886 265 949 inquit,
301 890 313 913 ‘
331 885 476 944 civis,
507 885 696 934 Gaium
729 885 961 934 Mucium
993 892 1210 933 vocant:
1249 884 1416 933 hostis
1446 884 1653 932 hostem

83 963 316 1011 occidere
342 964 499 1021 volui,
530 979 625 1011 nec
650 964 717 1011 ad
743 970 964 1011 mortem
995 962 1166 1010 minus
1197 962 1357 1009 animi
1385 968 1467 1009 est
1495 977 1653 1024 quam

83 1039 180 1088 fuit
205 1040 271 1087 ad
297 1040 539 1088 caedem:
576 1047 629 1087 et
653 1040 823 1088 facere
849 1048 901 1087 et
927 1045 1036 1101 pati
1055 1039 1212 1086 fortia
1233 1039 1530 1086 Romanum
1552 1045 1647 1086 est.
1669 1056 1710 1088 20

83 1133 177 1165 nec
202 1127 338 1165 unus
364 1117 415 1164 in
440 1123 493 1165 te
517 1132 620 1180 ego
645 1117 742 1165 hes
769 1116 972 1164 animos
998 1122 1169 1179 gessi:
1208 1117 1399 1178 longus
1426 1123 1546 1177 post
1571 1122 1655 1164 me

82 1194 214 1242 etde
254 1201 335 1242 est
376 1193 513 1242 idem
561 1194 848 1255 petentium
890 1194 1077 1241 decus:
1127 1193 1228 1240 hoc
1269 1193 1363 1240 tibi
1411 1192 1654 1240 iuventus

85 1270 326 1318 Remana
373 1269 648 1318 indicimus
695 1271 924 1318 bellum.'
996 1286 1113 1317 cum
1159 1276 1251 1316 rex
1294 1275 1372 1317 ira
1419 1269 1654 1316 infensus

83 1348 415 1410 periculeque
434 1347 747 1395 conterritus
764 1347 1073 1395 circumdari
1093 1353 1243 1408 ignes
1262 1346 1654 1394 minitabundus

83 1425 300 1483 iuberet,
336 1428 348 1450 ‘
370 1417 448 1471 En
478 1423 611 1483 tibi,’
642 1423 825 1486 inquit,
861 1428 873 1450 ‘
892 1431 949 1471 ut
980 1424 1193 1482 sentias,
1225 1439 1382 1485 quam
1413 1423 1513 1470 vile
1543 1438 1654 1471 cor·
1670 1441 1709 1473 25

83 1517 181 1563 pus
202 1501 270 1550 sit
295 1501 393 1560 his,
418 1506 508 1564 qui
532 1509 783 1563 magnam
803 1501 1026 1564 gleriam
1047 1501 1224 1549 vident
1240 1501 1273 1548 ε’
1311 1501 1654 1562 dextramque

83 1584 306 1626 accense
331 1578 398 1625 ad
424 1577 733 1626 sacrificium
754 1577 928 1626 foculo
949 1578 1143 1625 iniecit.
1216 1594 1377 1639 prope
1397 1577 1654 1625 attonitus

84 1656 337 1703 miracule
363 1661 458 1703 rex
482 1670 602 1703 cum
627 1663 660 1702 a
684 1655 809 1702 sede
835 1663 933 1703 sua
961 1655 1290 1717 presiluisset
1319 1660 1655 1717 amoverique

83 1733 150 1780 ab
187 1731 439 1779 altaribus
481 1730 739 1790 iussisset,
786 1732 896 1779 ‘Tu
938 1738 1065 1780 vere
1108 1732 1222 1779 abi'
1261 1731 1445 1794 inquit,
1480 1731 1561 1778 ‘in
1598 1738 1653 1779 te

84 1807 256 1871 magis
293 1824 452 1871 quam
493 1808 544 1855 in
593 1815 676 1856 me
718 1808 930 1856 hostilia
970 1810 1179 1856 ausus’.
1255 1816 1381 1856 tunc
1424 1808 1711 1867 MuciuS,30

89 1889 101 1911 ‘
123 1885 351 1947 Quande
383 1884 592 1947 quidem
611 1885 622 1904 ’
654 1885 820 1947 inquit
855 1888 966 1934 ‘est
999 1886 1139 1947 apud
1168 1892 1221 1933 te
1254 1886 1434 1933 virtuti
1466 1886 1649 1943 honor,

84 1968 142 2008 ut
167 1960 418 2009 beneficio
442 1961 622 2008 tuleris
648 1969 680 2008 a
706 1968 789 2009 me
809 1962 949 2023 quod
970 1961 1123 2009 minis
1145 1968 1397 2024 nequisti:
1435 1968 1656 2010 trecenti

84 2037 471 2086 coniuravimus
505 2037 764 2099 principes
798 2037 1083 2085 iuventutis
1112 2038 1398 2096 Romanae,
1429 2046 1487 2086 ut
1521 2039 1571 2085 in
1602 2045 1655 2086 te

85 2115 183 2162 hac
224 2114 310 2162 via
350 2121 744 2177 grassaremur:
799 2130 916 2162 mea
957 2121 1125 2176 prima
1166 2130 1281 2162 sors
1323 2115 1447 2162 fuit:
1495 2121 1655 2163 ceteri

86 2198 184 2240 sue
209 2191 430 2254 quisque
463 2198 698 2252 tempore
724 2191 945 2239 aderunt
962 2192 991 2239 ‘.
1069 2191 1247 2239 Mucio
1280 2199 1467 2254 postea
1500 2193 1653 2240 Scae·
1670 2212 1709 2243 35

84 2268 234 2316 volae
259 2276 293 2317 a
314 2268 462 2317 clade
486 2268 701 2316 dextrae
728 2279 915 2316 manus
941 2275 1237 2332 cognomen
1264 2268 1500 2317 inditum.

835 2446 901 2497 27

152 2578 306 2640 Apud
366 2577 690 2626 Mantineam
748 2586 994 2641 pugnans
1050 2578 1443 2641 Epaminendas
1497 2585 1655 2640 sparo

87 2654 289 2702 eminus
348 2670 628 2716 percussus
681 2655 921 2702 concidit.
997 2656 1096 2703 hoc
1148 2664 1275 2703 casu
1329 2655 1654 2717 aliquantum

90 2731 339 2778 retardati
386 2738 508 2778 sunt
564 2731 782 2788 Boeotii,
835 2748 1001 2793 neque
1049 2739 1225 2779 tamen
1279 2731 1421 2793 prius
1475 2740 1656 2793 pugna

88 2814 443 2866 excesserunt,
489 2823 647 2870 quam
691 2814 1048 2869 repugnantes
1096 2809 1524 2871 profligaverunt.
1601 2816 1655 2854 at

90 2884 482 2946 Epaminondas
506 2900 625 2932 cum
651 2884 1087 2932 animadverteret
1118 2885 1439 2933 mortiferum
1467 2891 1524 2932 se
1548 2884 1655 2931 vol·
1672 2905 1690 2935 5

90 2975 188 3008 nus
207 2960 490 3023 accepisse,
516 2961 772 3023 simulque
792 2967 836 3008 si
857 2960 1047 3009 ferrum
1068 2961 1400 3019 extraxisset,
1426 2961 1655 3009 animam
