1956 3242
670 229 969 291 Excerpta
1008 226 1224 276 Brevia
1667 245 1730 293 59

161 369 410 417 militibus
436 376 629 418 nostris
652 370 938 432 Iugurthae
964 369 1231 418 servitium
1258 369 1461 427 minari,
1485 370 1728 417 secundis

161 448 316 494 rebus
342 446 545 494 feroces
570 463 702 495 esse.
778 446 982 495 interim
1002 446 1260 504 omnibus,
1288 447 1542 494 Romanis
1567 446 1727 494 hosti·
1744 459 1786 491 60

160 524 380 585 busque,
433 523 631 585 proelio
685 523 915 581 intentis,
969 532 1166 587 magna
1218 522 1478 585 utrimque
1530 530 1582 570 vi
1633 530 1729 584 pro

158 599 331 662 gloria
359 606 517 661 atque
547 599 766 662 imperio
795 601 892 657 his,
929 600 1027 648 illis
1058 607 1153 662 pro
1182 600 1351 648 salute
1384 599 1724 658 certantibus,

159 683 370 738 repente
403 684 437 723 a
467 683 622 739 tergo
656 682 813 739 signa
846 692 1058 733 canere;
1097 692 1159 724 ac
1193 682 1363 738 primo
1399 675 1640 724 mulieres
1677 683 1729 724 et

158 759 321 814 pueri,
372 759 462 815 qui
509 759 680 800 visum
733 760 1117 814 processerant,
1170 753 1368 815 fugere,
1419 751 1606 800 deinde
1653 759 1730 800 uti

157 829 379 891 quisque
406 836 555 876 muro
580 829 850 890 proximus
876 837 1004 887 erat,
1029 836 1299 891 postremo
1324 835 1515 886 cuncti,
1539 836 1729 877 armati
1744 844 1784 876 65

158 905 501 968 inermesque.
576 907 717 968 quod
752 906 838 953 ubi
867 906 1072 963 accidit,
1103 913 1166 954 eo
1196 905 1367 953 acrius
1400 906 1626 953 Romani
1653 912 1728 953 in-

158 989 315 1040 stare,
354 982 569 1030 fundere
599 999 662 1031 ac
690 983 970 1045 plerosque
1002 989 1205 1030 tantum
1242 982 1400 1030 modo
1430 982 1728 1030 sauciorum

157 1059 274 1107 dein
313 1075 470 1121 super
511 1066 803 1107 occisorum
845 1075 1068 1121 corpora
1102 1059 1309 1116 vadere,
1350 1058 1490 1106 avidi
1524 1059 1728 1122 gloriae

157 1143 420 1184 certantes
462 1147 667 1184 murum
703 1144 896 1198 petere,
937 1152 1105 1198 neque
1141 1152 1457 1198 quemquam
1494 1135 1727 1184 omnium

158 1213 354 1274 praeda
399 1220 606 1261 morari.
682 1219 756 1261 sic
802 1213 936 1261 forte
984 1220 1220 1261 correcta
1263 1213 1417 1261 Marii
1458 1212 1726 1261 temeritas
1743 1223 1784 1259 το

158 1290 383 1352 gloriam
408 1306 473 1338 ex
498 1290 653 1351 culpa
677 1289 889 1338 invenit.

909 1465 973 1516 58

225 1595 489 1645 Sertorius
542 1595 620 1643 vir
671 1603 807 1654 acer,
859 1596 1213 1658 egregiusque
1266 1596 1389 1653 dux,
1443 1603 1495 1643 et
1548 1597 1727 1643 tuendi

157 1674 477 1736 regendique
517 1672 777 1721 exercitus
814 1679 1011 1735 peritus
1047 1672 1159 1720 fuit.
1236 1672 1280 1720 is
1316 1672 1367 1719 in
1404 1672 1727 1734 temporibus

157 1749 470 1798 difficillimis
506 1756 557 1798 et
593 1749 944 1798 mentiebatur
985 1750 1051 1797 ad
1089 1749 1280 1797 milites
1317 1756 1362 1797 si
1398 1749 1727 1797 mendacium

157 1827 451 1888 prodesset,
491 1833 543 1874 et
584 1827 784 1874 litteras
826 1826 1148 1888 compositas
1186 1834 1281 1888 pro
1321 1833 1458 1874 veris
1495 1827 1722 1889 legebat,

157 1910 209 1951 et
262 1902 521 1951 somnium
582 1902 880 1960 simulabat,
939 1910 991 1950 et
1048 1903 1211 1951 falsas
1266 1902 1546 1965 religiones
1604 1910 1763 1951 con-5

158 1980 376 2037 ferebat,
445 1986 491 2027 si
559 1979 683 2042 quid
753 1979 886 2027 istae
956 1987 1038 2027 res
1107 1996 1226 2028 eum
1296 1980 1437 2040 apud
1507 1980 1727 2027 militum

158 2055 366 2104 animos
403 2055 729 2104 adiutabant.
810 2056 934 2103 illud
976 2056 1109 2103 adeo
1152 2056 1369 2104 Sertorii
1410 2056 1584 2104 nobile
1626 2064 1721 2103 est.

157 2148 313 2181 cerva
365 2133 486 2180 alba
537 2131 757 2180 eximiae
810 2132 1208 2194 pulchritudinis
1261 2139 1313 2180 et
1365 2132 1727 2181 vivacissimae

157 2208 439 2257 celeritatis
486 2216 520 2256 a
569 2208 822 2256 Lusitano
873 2215 921 2256 ei
972 2209 1203 2271 quodam
1250 2209 1395 2257 dono
1447 2209 1574 2257 data
1625 2216 1720 2256 est.

159 2286 294 2334 hanc
341 2284 439 2333 sibi
486 2285 718 2333 oblatam
767 2284 1015 2333 divinitus
1063 2292 1115 2333 et
1167 2292 1467 2334 instinctam
1523 2285 1727 2333 Dianae
1743 2304 1783 2335 10

159 2361 369 2410 numine
410 2362 636 2424 colloqui
677 2369 856 2410 secum
898 2369 1228 2425 monereque,
1270 2370 1322 2411 et
1364 2363 1551 2411 docere
1593 2379 1726 2425 quae

159 2438 307 2486 utilia
341 2438 484 2486 factu
521 2445 714 2497 essent,
749 2441 1063 2500 persuadere
1099 2440 1340 2488 omnibus
1377 2439 1629 2496 instituit;
1666 2457 1728 2488 ac

160 2521 204 2562 si
236 2514 360 2576 quid
390 2514 571 2563 durius
603 2515 879 2564 videbatur
910 2517 1050 2579 quod
1084 2516 1443 2579 imperandum
1478 2516 1727 2564 militibus

159 2590 309 2647 foret,
357 2599 390 2638 a
429 2599 584 2638 cerva
626 2598 747 2639 sese
790 2593 1044 2640 monitum
1086 2593 1438 2655 praedicabat.
1515 2593 1566 2640 id
1607 2609 1726 2641 cum

159 2667 378 2725 dixerat,
409 2667 654 2725 universi,
683 2675 954 2731 tamquam
984 2677 1029 2717 si
1057 2671 1174 2728 deo,
1204 2670 1423 2718 libentes
1449 2672 1720 2731 parebant.
1743 2688 1782 2719 15

158 2759 221 2792 ea
262 2759 417 2791 cerva
457 2745 688 2805 quodam
730 2745 831 2803 die,
878 2762 996 2794 cum
1038 2747 1267 2795 incursio
1309 2747 1539 2795 hostium
1587 2754 1727 2794 esset

160 2820 416 2878 nuntiata,
473 2820 810 2869 festinatione
864 2839 925 2871 ac
982 2825 1208 2871 tumultu
1262 2831 1615 2880 consternata,
1676 2823 1726 2870 in

158 2897 341 2960 fugam
372 2904 429 2946 se
459 2897 712 2959 prorupit,
743 2906 899 2961 atque
929 2898 979 2947 in
1009 2901 1199 2962 palude
1228 2900 1467 2962 proxima
1495 2900 1725 2958 delituit;

158 2981 210 3021 et
235 2982 423 3036 postea
447 2975 699 3038 requisita
722 2976 938 3038 periisse
962 2977 1161 3025 credita
1184 2985 1279 3026 est.
1356 2994 1523 3039 neque
1549 2978 1726 3026 multis
