1956 3242
649 255 948 316 Excerpta
987 252 1203 301 Brevia
1641 256 1704 317 65

140 398 355 453 bantur3
406 396 498 443 sed
535 396 677 443 nulle
710 395 1144 443 ferramentorum
1186 393 1354 454 copie,
1395 408 1529 454 quae
1566 399 1706 441 esset

139 473 206 520 ad
232 474 368 519 hunc
394 483 547 519 usum
573 472 777 529 idonea,
807 471 1000 534 gladiis
1029 469 1288 532 caespites
1318 469 1700 528 circumcidere,

140 548 380 596 manibus
429 549 735 611 sagulisque
787 555 979 596 terram
1032 548 1305 595 exhaurire
1356 548 1698 608 cogebantur.
1723 558 1762 593 75

139 634 245 688 qua
302 625 512 687 quidem
565 641 631 672 ex
684 631 739 673 re
796 624 1065 673 hominum
1120 623 1400 671 multitudo
1452 629 1708 686 cognosci

140 701 335 764 potuit:
374 718 495 749 nam
530 701 701 748 minus
734 702 877 749 horis
909 702 1077 748 tribus
1111 701 1308 748 milium
1341 716 1594 762 passuum
1630 714 1707 747 xv

141 778 191 826 in
210 778 428 826 circuitu
450 778 791 826 munItionem
816 778 1161 840 perfecerunt,
1186 776 1500 839 reliquisque
1520 777 1706 824 diebus

140 862 309 902 turres
335 855 402 902 ad
428 855 757 902 altitudinem
783 856 921 912 valli,
951 854 1112 902 falces
1138 854 1550 915 testudinesque,
1575 861 1706 915 quas

139 932 277 979 idem
303 938 498 993 captivi
522 932 825 989 docuerant,
856 939 1040 993 parare
1065 947 1127 978 ac
1151 930 1321 978 facere
1345 937 1644 992 coeperunt.
1724 945 1764 976 80

208 1008 444 1069 Septimo
480 1008 892 1071 oppugnationis
934 1007 1017 1055 die
1059 1007 1291 1055 maximo
1327 1013 1509 1055 coorto
1550 1013 1708 1054 vento

141 1085 402 1133 ferventes
427 1084 568 1132 fusili
592 1101 656 1132 ex
682 1085 869 1148 argilla
897 1085 1119 1147 glandes
1149 1085 1323 1131 fundis
1349 1091 1401 1131 et
1426 1083 1710 1131 fervefacta

141 1161 311 1209 iacula
342 1162 392 1208 in
429 1170 599 1219 casas,
634 1177 768 1223 quae
802 1168 948 1209 more
984 1161 1185 1209 Gallico
1222 1167 1524 1208 stramentis
1561 1168 1709 1208 erant

141 1245 329 1296 tectae,
370 1238 537 1286 iacere
572 1245 872 1299 coeperunt.
948 1239 1046 1285 hae
1087 1238 1321 1286 celeriter
1356 1243 1532 1299 ignem
1569 1252 1709 1285 com-

141 1315 526 1376 prehenderunt
559 1322 611 1362 et
643 1320 786 1361 venti
818 1313 1179 1377 magnitudine
1212 1314 1262 1360 in
1296 1329 1503 1360 omnem
1536 1314 1707 1361 locum
1725 1330 1765 1360 85

139 1397 434 1438 castrorum
497 1390 827 1438 distulerunt.
917 1391 1097 1438 hostes
1166 1390 1395 1437 maximo
1460 1391 1704 1448 clamore,

141 1473 296 1515 sicuti
347 1475 501 1529 parta
553 1467 656 1515 iam
709 1474 868 1529 atque
920 1467 1194 1529 explorata
1244 1467 1481 1525 victoria,
1538 1474 1708 1514 turres

140 1544 536 1606 testudinesque
562 1559 720 1606 agere
745 1551 797 1591 et
823 1544 980 1591 scalis
1006 1545 1200 1591 vellum
1227 1545 1507 1592 ascendere
1526 1551 1709 1605 coepe-

142 1627 276 1667 runt.
352 1628 408 1668 at
448 1627 598 1668 tanta
640 1620 861 1667 militum
902 1620 1069 1668 virtus
1111 1628 1269 1683 atque
1311 1636 1373 1668 ea
1414 1620 1710 1682 praesentia

141 1697 301 1744 animi
325 1697 438 1755 fuit,
463 1706 538 1755 ut,
567 1714 685 1745 cum
713 1698 940 1759 undique
966 1698 1177 1745 flamma
1200 1704 1521 1745 torrerentur
1546 1697 1708 1744 maxi·
1726 1713 1766 1745 90

142 1782 331 1835 maque
398 1775 622 1821 telorum
689 1773 1019 1822 multitudine
1086 1782 1443 1836 premerentur
1511 1790 1710 1836 suaque

142 1850 319 1898 omnia
339 1849 711 1911 impedimenta
734 1858 893 1912 atque
918 1859 1100 1899 omnes
1126 1851 1365 1899 fortunas
1384 1852 1710 1913 conflagrare

143 1925 522 1988 intellegerent,
563 1934 667 1974 non
705 1928 864 1975 modo
898 1929 1229 1990 demigrandi
1264 1937 1426 1976 causa
1460 1929 1528 1975 de
1570 1929 1710 1975 vallo

143 2003 418 2051 decederet
443 2010 614 2061 nemo,
639 2005 730 2051 sed
755 2019 920 2065 paene
945 2012 1009 2052 ne
1035 2005 1314 2066 respiceret
1338 2004 1547 2066 quidem
1571 2004 1711 2067 quis-

143 2095 319 2141 quam,
366 2088 429 2128 ae
469 2088 582 2127 tum
630 2087 812 2128 omnes
854 2080 1105 2128 acerrime
1152 2080 1538 2143 fortissimeque
1579 2091 1710 2143 pug-
1727 2097 1766 2128 95

144 2163 344 2203 narent.
420 2156 502 2204 hic
531 2155 643 2204 dies
674 2162 867 2204 nostris
893 2158 1051 2219 longe
1079 2157 1426 2219 gravissimus
1458 2157 1580 2214 fuit;
1620 2159 1711 2205 sed

143 2241 317 2280 tamen
367 2234 504 2280 hunc
552 2233 733 2280 habuit
780 2240 1042 2291 eventum,
1095 2241 1152 2281 ut
1205 2241 1268 2281 eo
1315 2234 1398 2282 die
1451 2234 1711 2281 maximus

144 2325 391 2357 numerus
434 2309 662 2357 hostium
706 2311 1062 2358 volneraretur
1106 2317 1263 2371 atque
1312 2310 1706 2368 interficeretur,

145 2395 203 2434 ut
250 2393 307 2434 se
354 2387 452 2433 sub
506 2386 621 2447 ipso
674 2387 812 2434 vallo
863 2393 1290 2449 constipaverant
1344 2395 1712 2449 recessumque

144 2469 326 2524 primis
373 2461 542 2509 ultimi
589 2469 694 2510 non
743 2463 955 2511 dabant.
1031 2465 1245 2525 paulum
1298 2463 1508 2525 quidem
1556 2464 1710 2511 inter·
1728 2484 1787 2515 100

146 2545 309 2586 missa
332 2539 545 2586 flamma
569 2547 621 2586 et
645 2541 873 2601 quodam
900 2541 1016 2588 loeo
1045 2547 1176 2588 turri
1209 2541 1399 2588 adacta
1428 2548 1480 2588 et
1512 2541 1712 2589 contin-

145 2622 304 2677 gente
333 2615 544 2672 vallum,
574 2615 758 2663 tertiae
783 2617 1012 2664 cohortis
1040 2617 1372 2665 centuriones
1402 2633 1467 2665 ex
1495 2625 1577 2675 eo,
1608 2625 1713 2680 quo

146 2693 376 2748 stabant,
402 2692 518 2739 loco
543 2698 873 2740 recesserunt
898 2700 1127 2755 suosque
1152 2701 1336 2742 omnes
1358 2701 1708 2752 removerunt,

146 2776 276 2816 nutu
324 2768 647 2831 vocibusque
689 2770 885 2827 hostes,
933 2777 978 2817 si
1018 2771 1229 2819 introire
1271 2772 1478 2828 vellent,
1524 2779 1713 2819 vocare

145 2851 456 2907 coeperunt;
499 2852 721 2908 quorum
759 2849 1005 2910 progredi
1041 2864 1202 2896 ausus
1239 2856 1319 2896 est
1356 2854 1525 2896 nemo.
1600 2856 1712 2895 tum
1729 2868 1789 2900 105

147 2937 211 2970 ex
236 2928 379 2970 omni
403 2931 550 2983 parte
577 2923 835 2984 lapidibus
864 2924 1112 2973 coniectis
1142 2926 1422 2983 deturbati,
1452 2925 1713 2987 turrisque

149 3005 403 3047 succensa
427 3007 523 3047 est.

312 3074 361 3113 (n
374 3075 435 3107 611
447 3074 462 3115 )
1520 3075 1550 3109 F
