1956 3242
654 268 951 330 Excerpta
991 265 1208 316 Brevia
1645 270 1712 331 69

143 408 416 471 perscribit
441 408 491 455 in
516 408 719 466 litteris,
749 408 930 456 hostes
960 408 1026 455 ab
1056 413 1114 455 so
1142 405 1450 455 discossisse
1480 422 1711 454 omnem-

143 502 243 548 que
268 486 334 532 ad
360 501 476 532 eum
498 484 884 532 multitudinem
902 483 1239 533 convertisse.
1314 482 1504 545 quibus
1525 483 1710 530 lItteris

142 561 344 609 circiter
369 562 541 609 media
565 569 718 610 nocte
743 562 940 609 Caesar
964 561 1136 608 allatis
1162 567 1287 608 suos
1312 559 1437 607 facit
1462 559 1710 607 certiores
1727 575 1786 606 215

143 645 337 700 eosque
380 638 445 685 ad
494 638 847 686 dimicandum
895 636 1071 685 animo
1119 636 1420 685 confirmat.
1496 643 1711 698 postero

143 714 226 762 die
251 715 364 762 lace
389 721 557 776 prima
587 722 763 763 movet
787 721 963 763 castra
986 721 1039 762 et
1063 713 1265 762 circiter
1294 713 1436 761 milia
1459 729 1712 774 passuum

143 797 391 853 quattuor
438 798 754 854 progressus
796 798 943 839 trans
991 790 1179 838 vallem
1226 797 1278 838 et
1325 797 1493 837 rivum
1541 789 1712 837 multi-

143 868 375 915 tudinem
419 868 648 916 hostium
691 867 1043 929 conspicatur.
1118 874 1231 914 erat
1277 873 1458 929 magni
1500 867 1712 928 periculi

145 952 227 992 res
248 946 463 992 tantulis
483 945 646 1007 copiis
667 944 846 1007 iniquo
865 945 981 992 loco
1000 943 1272 1001 dimicare;
1310 950 1439 1002 tum,
1464 943 1711 1005 quoniam
1728 960 1789 992 220

144 1022 415 1070 obsidione
445 1023 720 1070 liberatum
751 1021 1056 1070 Ciceronem
1087 1021 1302 1079 sciebat,
1337 1027 1507 1082 aequo
1536 1020 1712 1068 animo

146 1099 512 1146 remIttendum
549 1099 614 1146 do
655 1098 920 1146 celeritate
961 1097 1322 1154 existimabat;
1366 1097 1604 1146 consedit
1640 1104 1707 1154 et,

144 1192 300 1238 quam
328 1175 647 1236 aequissimo
672 1175 787 1223 loco
817 1182 1009 1236 potest,
1039 1181 1215 1223 castra
1243 1173 1530 1222 communit
1556 1180 1713 1236 atque

144 1252 289 1310 haec,
324 1258 423 1300 etsi
455 1259 604 1299 erant
633 1251 826 1314 exigua
858 1267 950 1313 per
982 1258 1056 1309 so,
1094 1251 1181 1298 vix
1211 1250 1480 1298 hominum
1514 1250 1712 1297 milium

144 1336 362 1390 septem,
404 1327 710 1390 praesertim
747 1328 900 1374 nullis
937 1343 1055 1375 cum
1093 1326 1495 1388 impedimentis,
1536 1333 1711 1374 tamen
1729 1345 1788 1377 225

143 1405 404 1468 angustiis
452 1404 670 1462 viarum,
717 1420 874 1466 quam
918 1403 1144 1451 maxime
1191 1410 1384 1464 potest,
1430 1403 1709 1461 contrahit,

143 1489 208 1530 eo
244 1481 478 1538 consilio,
515 1487 572 1528 ut
608 1481 659 1527 in
697 1496 956 1527 summam
993 1479 1436 1541 contemptionem
1472 1479 1713 1527 hostibus

143 1557 333 1606 veniat.
410 1557 615 1605 interim
652 1556 1071 1619 speculatoribus
1114 1555 1165 1603 in
1208 1563 1390 1604 omnes
1427 1562 1604 1617 partos
1640 1557 1715 1603 di-

144 1641 319 1682 missis
371 1635 627 1696 explorat,
679 1641 787 1696 quo
840 1632 1264 1682 commodissime
1318 1632 1499 1681 itinere
1551 1633 1713 1681 vallos

142 1717 353 1760 transiri
389 1711 572 1773 possit.
1019 1772 1023 1776 .
1729 1730 1791 1762 230

212 1788 292 1836 Eo
339 1787 423 1836 die
470 1787 702 1849 parvulis
756 1786 1085 1850 equestribus
1134 1786 1342 1848 proeliis
1396 1786 1463 1834 ad
1522 1802 1712 1849 aquam

144 1864 298 1912 factis
333 1870 540 1927 utrique
577 1871 698 1912 seso
735 1871 834 1911 suo
877 1864 993 1911 loco
1034 1863 1329 1911 continent:
1379 1863 1530 1920 Galli,
1573 1864 1714 1925 quod

145 1941 424 2003 ampliores
477 1940 676 2002 copias,
733 1955 868 2002 quae
918 1940 1149 1987 nondum
1201 1947 1571 1998 convenerant,
1628 1956 1715 1987 ex-

145 2019 482 2080 spectabant3
548 2017 761 2074 Caesar,
826 2022 870 2064 si
928 2016 1062 2063 forte
1119 2015 1322 2064 timoris
1382 2016 1714 2064 simulatione

145 2094 326 2143 hostes
357 2094 408 2141 in
439 2110 591 2142 suum
625 2094 796 2141 locum
830 2093 1012 2141 elicere
1045 2100 1242 2154 posset,
1272 2100 1330 2141 ut
1363 2093 1494 2141 citra
1526 2094 1713 2141 vallem
1731 2114 1792 2146 235

145 2178 242 2233 pro
283 2177 472 2219 castris
520 2169 718 2232 proelio
765 2170 1128 2226 contenderet;
1179 2176 1224 2217 si
1264 2169 1317 2216 id
1363 2170 1563 2218 efficere
1611 2177 1714 2217 non

145 2255 342 2310 posset,
380 2255 438 2295 ut
471 2247 756 2309 exploratis
790 2246 1059 2294 itineribus
1093 2246 1292 2294 minore
1327 2262 1446 2294 cum
1484 2246 1714 2308 periculo

144 2326 333 2374 vallem
360 2332 631 2387 rivumque
656 2330 916 2372 transiret.
993 2330 1160 2385 prima
1185 2324 1298 2372 lace
1323 2323 1550 2371 hostium
1574 2323 1714 2386 equi-

145 2409 288 2450 tatus
315 2403 382 2450 ad
406 2410 581 2450 castra
605 2401 807 2449 accedit
831 2400 1187 2464 proeliumque
1211 2417 1330 2449 cum
1356 2407 1549 2449 nostris
1575 2400 1716 2463 equi-

145 2479 286 2527 tibus
344 2478 639 2527 committit.
716 2478 912 2526 Caesar
969 2479 1212 2527 consulto
1271 2478 1474 2542 equites
1532 2479 1714 2526 cedere
1731 2499 1793 2531 240

147 2563 307 2618 seque
355 2555 405 2603 in
453 2562 629 2603 castra
676 2554 900 2616 recipere
948 2554 1116 2613 iubet;
1165 2555 1319 2604 simul
1362 2571 1426 2603 ex
1472 2555 1715 2603 omnibus

147 2632 383 2694 partibus
408 2638 583 2680 castra
607 2630 790 2679 altiore
820 2631 958 2679 vallo
984 2638 1172 2679 muniri
1201 2638 1486 2694 portasque
1515 2633 1717 2680 obstrui

146 2717 304 2772 atque
330 2708 379 2756 in
406 2708 487 2756 his
513 2707 940 2756 administrandis
971 2710 1126 2757 rebus
1151 2725 1309 2772 quam
1340 2708 1567 2757 maxime
1596 2725 1717 2757 con-

145 2792 346 2835 cursari
371 2792 422 2833 et
446 2801 565 2834 cum
591 2785 924 2833 simulatione
949 2792 1039 2848 agi
1063 2785 1266 2834 timoris
1293 2785 1450 2834 iubet.

214 2862 418 2924 Quibus
460 2861 702 2910 omnibus
745 2862 900 2909 rebus
937 2863 1118 2910 hostes
1154 2861 1362 2910 invitati
1396 2861 1577 2923 copias
1613 2868 1716 2910 tra·
1732 2883 1794 2916 245

146 2939 344 2988 ducunt
397 2939 666 3001 aciemque
724 2937 903 3000 iniquo
956 2939 1072 2987 loco
1123 2939 1470 2997 constituunt,
1523 2946 1716 2987 nostris

147 3021 272 3064 vero
296 3015 455 3064 etiarn
480 3015 546 3064 de
575 3014 715 3064 vallo
739 3015 979 3064 deductis
1007 3015 1224 3078 propius
1248 3016 1506 3065 accedunt
1531 3022 1583 3063 et
1611 3015 1719 3064 tela
