1956 3242
621 242 919 302 Excerpta
958 239 1174 288 Brevia
1645 256 1679 301 9

116 382 322 441 restitit,
364 382 759 446 Eurydicenque
795 398 945 430 suam
980 380 1084 429 iam
1121 380 1234 428 luce
1270 381 1369 428 sub
1404 378 1521 441 ipsa

115 459 402 518 immemor,
436 461 554 518 heu,
589 459 862 521 victusque
895 458 1054 507 animi
1086 456 1330 519 respexit.
1407 454 1476 503 ibi
1510 455 1678 503 omnis

115 535 312 583 effusus
349 536 512 593 labor,
553 542 711 598 atque
747 534 960 583 immitis
997 540 1151 596 rupta
1186 538 1394 596 tyranni

114 611 341 670 foedera,
381 619 563 674 terque
598 612 777 675 fragor
813 617 993 675 stagni
1027 618 1108 659 est
1144 609 1355 658 auditus
1391 608 1597 656 Averni.

115 687 201 735 illa
241 688 404 750 ‘Quis
441 696 493 737 et
529 689 640 737 me’
675 688 841 751 inquit
881 687 1156 736 ‘miseram
1192 693 1245 735 et
1280 692 1333 735 te
1367 684 1609 748 perdidit,

380 765 613 827 Orpheu,
1697 775 1737 806 10

115 841 231 904 quis
268 849 447 890 tantus
483 842 659 891 furor?
695 849 759 890 en
796 841 983 890 iterum
1019 839 1250 889 crudelia
1285 845 1424 888 retro

116 918 227 966 fata
261 926 470 978 vocant,
511 918 792 982 conditque
829 917 1067 967 natantia
1102 916 1299 965 lumina
1334 931 1568 964 somnus.

116 994 323 1057 iamque
359 995 502 1044 vale:
539 996 677 1044 feror
712 995 914 1058 ingenti
948 994 1271 1043 circumdata
1307 1000 1476 1048 nocte,

116 1070 476 1134 invalidasque
511 1071 606 1120 tibi
641 1072 882 1130 tendens,
923 1071 1024 1119 heu
1061 1078 1166 1118 nen
1204 1077 1312 1127 tua,
1354 1068 1593 1131 palmas)

116 1148 265 1206 dixit,
306 1156 358 1197 et
393 1165 457 1197 ex
494 1149 658 1197 oculis
695 1148 871 1197 subite
906 1164 1001 1196 ceu
1038 1147 1213 1195 fumus
1250 1146 1301 1193 in
1338 1154 1496 1193 auras
1700 1160 1738 1191 15

116 1231 432 1273 commixtus
468 1233 654 1274 tenues
690 1225 828 1288 fugit
863 1225 1089 1282 diversa,
1131 1239 1298 1285 neque
1335 1222 1478 1270 illum

116 1308 454 1364 prensantem
491 1308 807 1365 nequiquam
844 1303 1059 1349 umbras
1096 1307 1148 1348 et
1185 1300 1349 1348 multa
1385 1299 1646 1347 volentem

117 1378 287 1427 dicere
322 1385 593 1440 praeterea
627 1378 783 1435 vidit;
822 1394 917 1427 nec
952 1377 1176 1440 portitor
1212 1377 1338 1424 Orci

117 1455 342 1518 amplius
377 1455 636 1505 obiectam
672 1470 864 1519 passus
900 1460 1124 1504 transire
1159 1453 1418 1516 paludem.

868 1643 937 1695 20

121 1763 299 1813 Saevit
334 1771 487 1814 atrex
523 1764 771 1824 VolcenS‚
812 1779 908 1813 nec
943 1763 1035 1813 teli
1069 1761 1328 1826 conspicit
1364 1772 1587 1824 usquam

119 1848 388 1890 aucterem
425 1857 520 1890 nec
555 1848 661 1904 que
698 1848 755 1890 se
792 1841 983 1889 ardens
1020 1839 1299 1888 immittere
1335 1838 1519 1902 possit.

126 1919 237 1965 ‘Tu
273 1925 449 1966 tamen
475 1917 674 1965 interea
708 1917 879 1965 calido
915 1916 1039 1964 mihi
1077 1916 1334 1979 sanguine
1369 1923 1567 1976 poenas

121 1995 388 2056 persolves
426 1994 737 2052 amborum,’
776 1993 967 2056 inquit;
1007 1993 1161 2041 simul
1197 2000 1322 2041 ense
1358 1992 1563 2039 recluso

120 2072 233 2119 ibat
268 2070 319 2118 in
357 2070 657 2133 Euryalum.
732 2077 857 2118 tunc
891 2076 1020 2117 vero
1056 2069 1352 2126 exterritus,
1394 2074 1577 2116 amens
1706 2083 1725 2113 5

121 2147 386 2195 clamabat
423 2147 604 2204 Nisus,
644 2162 739 2195 nec
775 2153 833 2195 se
868 2146 1041 2195 celare
1075 2147 1304 2194 tenebriS

122 2223 347 2285 amplius
384 2230 476 2271 aut
510 2230 716 2271 tantum
753 2222 924 2284 potuit
959 2222 1185 2284 perferre
1221 2222 1472 2270 dolorem.

129 2304 141 2326 ‘
162 2300 271 2357 Me,
309 2307 409 2359 me,
447 2300 634 2348 adsum
668 2306 758 2362 qui
792 2299 911 2358 feci,
950 2299 999 2347 in
1037 2305 1123 2347 me
1157 2297 1444 2347 convertite
1477 2297 1686 2354 ferrum,

123 2383 156 2424 6
193 2376 376 2424 Rutuli
389 2391 402 2434 ;
438 2392 558 2425 mea
592 2376 736 2424 fraus
772 2376 970 2433 omnis;
1008 2375 1133 2423 nihil
1171 2375 1269 2424 iste
1305 2391 1400 2423 nee
1437 2390 1599 2422 ausus

125 2469 220 2502 nee
256 2453 426 2515 potuit
463 2452 684 2517 (caelum
721 2453 823 2502 hec
857 2460 910 2502 et
945 2453 1159 2502 conscia
1194 2452 1366 2501 sidera
1399 2448 1604 2513 testor),
1708 2467 1748 2498 10

125 2537 330 2577 tantum
367 2529 622 2578 infelicem
660 2529 876 2577 nimium
912 2529 1094 2577 dilexit
1130 2528 1393 2577 amicum.’

124 2606 253 2654 talia
287 2606 429 2654 dicta
463 2606 650 2663 dabat;
688 2606 781 2654 sed
816 2605 1014 2654 viribus
1052 2605 1194 2654 ensis
1231 2605 1451 2653 adactus

127 2682 406 2730 transabiit
441 2689 619 2730 costas
655 2689 707 2730 et
742 2682 967 2730 candida
1002 2689 1217 2744 pectora
1250 2681 1456 2743 rumpit.

126 2758 354 2807 volvitur
391 2758 648 2820 Euryalus
684 2758 813 2816 leto,
854 2758 1203 2821 pulchrosque
1238 2774 1331 2820 per
1365 2766 1512 2805 artus

128 2834 167 2883 it
203 2851 372 2894 cruor,
414 2835 569 2897 inque
604 2842 814 2884 umeros
849 2842 1023 2884 cervix
1059 2835 1312 2897 conlapsa
1347 2832 1627 2883 recumbit:
1711 2851 1750 2881 15

128 2927 419 2973 purpureus
455 2912 616 2959 veluti
650 2928 767 2959 cum
805 2912 901 2960 flos
938 2918 1172 2960 succisus
1209 2918 1387 2960 aratro

129 2987 428 3051 languescit
464 2987 708 3045 moriens,
750 2987 958 3037 lasseve
994 2996 1260 3051 papavera
1295 2987 1431 3036 colle
