1956 3242
277 201 339 248 34
793 185 1097 247 Excerpta
1138 185 1357 234 Brevia

279 326 552 375 Flaminiis
599 327 823 376 coneilio
871 327 1039 389 plebis
1088 335 1227 387 acta,
1280 344 1436 390 quem
1485 345 1624 378 nunc
1670 329 1867 378 circum

198 419 261 452 100
280 404 596 452 Flaminium
646 406 929 468 appellant.
1008 422 1101 468 per
1148 405 1468 468 interregem
1510 407 1697 455 deinde
1745 415 1869 456 con-

276 483 419 530 sules
451 490 615 531 creati
655 484 710 530 L.
744 483 1006 542 Valerius,
1047 484 1120 531 M.
1164 483 1439 542 Horatius,
1476 491 1566 546 qui
1603 486 1871 547 externplo

276 560 652 623 magistratum
689 568 1024 623 occeperunt.
1102 569 1326 623 quorum
1362 562 1672 610 consulatus
1706 579 1872 625 popu-

276 638 400 687 laris
427 639 539 687 sine
566 640 672 686 ulla
698 647 907 701 patrum
936 639 1125 687 iniuria
1150 656 1245 687 nee
1276 639 1388 687 sine
1419 640 1715 688 offensione
1745 641 1870 698 fuit;

275 717 525 779 quiequid
562 717 699 764 enim
738 718 970 765 libertati
1005 717 1174 779 plebis
1211 725 1505 777 caveretur,
1548 718 1599 766 id
1637 725 1747 766 suis
1784 720 1873 767 de-

200 810 261 841 105
277 796 462 843 cedere
521 795 712 857 opibus
772 796 1078 844 eredebant.
1157 795 1391 843 omniurn
1447 803 1692 859 primurn,
1751 813 1871 845 cum

277 874 421 921 velut
459 873 509 920 in
547 881 897 922 controverso
934 874 1045 922 iure
1082 883 1240 931 esset,
1283 882 1655 923 tenerenturne
1691 882 1872 937 patres

276 951 585 1013 plebiscitis,
617 952 791 1014 legem
818 951 1127 1000 centuriatis
1153 952 1381 1000 comitiis
1407 953 1592 1011 tulere,
1622 959 1698 1011 ut,
1729 953 1872 1016 quod

275 1029 514 1077 tributim
546 1030 728 1091 plebes
759 1029 1021 1089 iussisset,
1058 1030 1312 1092 populum
1343 1037 1574 1088 tenerem
1612 1039 1722 1093 quii
1753 1031 1873 1094 lege

276 1107 570 1155 tribuniciis
605 1107 974 1171 rogationibus
1006 1109 1171 1156 telum
1203 1108 1518 1156 acerrimum
1550 1109 1733 1157 datum
1767 1115 1866 1157 est.

200 1201 262 1232 110
278 1185 436 1233 aliam
490 1186 679 1234 deinde
732 1187 1068 1234 consularem
1123 1186 1296 1250 legem
1351 1187 1418 1234 de
1471 1186 1868 1248 provocatione,

278 1263 490 1312 unicum
533 1264 855 1326 praesidium
899 1264 1177 1322 libertatis,
1226 1264 1562 1312 decemvirali
1604 1272 1873 1327 potestate

277 1349 536 1399 eversam,
568 1349 673 1390 non
702 1342 987 1390 restituunt
1014 1343 1190 1400 modo,
1216 1343 1309 1390 sed
1335 1342 1494 1391 etiam
1522 1343 1572 1390 in
1600 1351 1873 1405 posterum

279 1420 521 1468 muniunt
577 1420 864 1469 sanciendo
919 1437 1112 1469 novam
1167 1421 1362 1483 legem,
1417 1428 1482 1468 ne
1536 1420 1654 1483 quis
1709 1422 1872 1468 ullum

279 1498 656 1561 magistratum
683 1499 795 1546 sine
821 1499 1202 1561 provocatione
1232 1507 1462 1556 crearem
1502 1505 1591 1560 qui
1616 1506 1869 1557 creasset,

202 1590 263 1623 115
279 1593 399 1624 eum
435 1577 516 1625 ius
547 1577 734 1639 fasque
766 1584 908 1625 esset
939 1577 1123 1635 oceidI‚
1155 1584 1288 1624 neve
1318 1593 1381 1624 ea
1410 1577 1601 1625 caedes
1632 1576 1874 1639 capitalis

279 1671 450 1702 noxae
485 1655 782 1703 haberetur.
861 1662 912 1702 et
939 1671 1058 1703 cum
1089 1655 1296 1716 plebem
1322 1653 1444 1702 hinc
1474 1654 1868 1716 provocatione,

277 1732 399 1780 hine
428 1732 711 1780 tribunicio
744 1732 942 1780 auxilio
976 1732 1108 1780 satis
1142 1732 1472 1790 firmassent,
1502 1732 1632 1793 ipsis
1663 1748 1874 1795 quoque

278 1810 520 1869 tribunis,
563 1817 622 1858 ut
665 1816 997 1859 sacrosancti
1038 1809 1359 1868 viderentur,
1400 1809 1551 1858 cuius
1595 1815 1669 1858 rei
1711 1825 1874 1872 prope

280 1888 535 1937 memoria
583 1889 906 1946 aboleverat,
960 1888 1140 1936 relatis
1193 1887 1512 1951 quibusdam
1561 1904 1627 1935 ex
1674 1893 1875 1950 magno

202 1981 266 2013 120
281 1965 560 2015 intervallo
597 1966 934 2015 caerimoniis
978 1973 1317 2024 renovarunt,
1359 1972 1411 2014 et
1453 1981 1573 2014 cum
1617 1964 1874 2028 religione

280 2044 564 2093 inviolatos
607 2051 717 2102 eos,
759 2051 873 2092 tum
911 2044 1030 2107 lege
1071 2043 1231 2091 etiam
1269 2044 1523 2101 fecerunt,
1566 2043 1869 2102 sanciendo,

279 2130 356 2181 ut,
398 2129 489 2185 qui
523 2122 749 2172 tribunis
793 2122 979 2184 plebiS,
1021 2122 1297 2180 aedilibus,
1345 2121 1623 2180 iudicibus,
1670 2122 1875 2170 decem-

280 2200 406 2248 viris
438 2200 725 2258 nocuisset,
756 2200 870 2248 eius
901 2207 1062 2262 caput
1098 2200 1212 2247 Iovi
1245 2215 1454 2247 sacrum
1486 2206 1645 2257 esset,
1675 2197 1875 2247 familia

281 2279 349 2325 ad
403 2278 589 2326 aedem
638 2277 845 2326 Cereris
903 2278 1077 2325 Liberi
1133 2278 1458 2339 Liberaeque
1506 2283 1700 2324 venum
1754 2282 1868 2324 iret.

204 2355 382 2404 1251130
419 2357 538 2419 lege
574 2355 702 2403 iuris
739 2355 1053 2416 interpretes
1090 2362 1291 2417 negant
1333 2370 1654 2416 quemquam
1699 2361 1876 2403 sacro-

282 2441 527 2481 sanctum
588 2448 732 2490 esse;
801 2432 979 2495 itaque
1035 2432 1258 2480 aedilem
1319 2432 1504 2494 prendi
1562 2432 1788 2494 ducique
1843 2439 1877 2479 a

282 2511 573 2560 maioribus
628 2510 1051 2573 magistratibus,
1105 2510 1247 2573 quod
1301 2516 1402 2558 etsi
1450 2517 1554 2557 non
1610 2509 1720 2557 iure
1773 2509 1875 2558 fiat

284 2587 483 2653 (noceri
530 2588 669 2637 enim
718 2595 783 2647 ei,
835 2595 920 2636 cui
968 2588 1068 2636 hac
1122 2588 1241 2650 lege
1294 2594 1399 2635 non
1449 2585 1644 2651 liceat),
1697 2594 1874 2635 tamen

282 2674 658 2729 argumentum
693 2682 828 2725 esse,
867 2673 971 2714 non
1006 2666 1189 2713 haberi
1221 2672 1318 2727 pro
1352 2671 1700 2713 sacrosancto
1735 2664 1875 2712 aedi-

205 2745 413 2802 1301em;
451 2745 694 2793 tribunos
714 2751 890 2792 vetere
916 2743 1026 2791 iure
1052 2742 1275 2791 iurando
1295 2742 1480 2805 plebis,
1505 2758 1624 2790 cum
1646 2748 1873 2803 primum

283 2838 399 2870 eam
444 2830 767 2885 potestatem
810 2821 1026 2880 creavit,
1074 2827 1450 2869 sacrosanctos
1493 2836 1627 2868 esse.
1704 2818 1870 2876 fuere,

282 2906 373 2963 qui
415 2899 903 2962 interpretarentur,
950 2899 1134 2947 eadem
1177 2899 1277 2947 hae
1323 2897 1550 2946 Horatia
1591 2897 1710 2958 lege
1750 2903 1874 2944 con-

285 2977 487 3026 sulibus
512 2993 724 3041 quoque
755 2985 807 3026 et
837 2977 1188 3041 praetoribus,
1219 2975 1344 3039 quia
1372 2975 1570 3023 eisdem
1601 2972 1870 3036 auspiciis,
