1956 3242
284 199 346 249 52
559 217 561 219 -
802 185 1106 248 Excerpta
1146 185 1367 237 Brevia

227 341 268 374 20
282 326 551 389 preditum
606 334 704 376 est.
796 334 872 377 sic
926 329 1143 378 redacte
1197 329 1249 378 in
1303 330 1637 394 disciplinam
1690 332 1872 394 milite,

281 410 570 453 commissa
602 405 772 454 acies:
811 407 1059 470 quodque
1094 414 1251 456 neme
1277 414 1515 457 visurum
1550 417 1608 458 se
1641 427 1876 474 unquam

282 489 608 545 speraverat,
667 484 867 532 factum
925 493 1023 543 est,
1078 493 1136 533 ut
1192 486 1460 550 fugientes
1518 488 1876 538 Numantinos

281 560 566 623 quisquam
615 561 834 610 videret.
929 563 1121 612 dedere
1170 571 1290 612 sese
1338 566 1606 623 volebant,
1654 573 1700 614 si
1747 568 1878 616 tole-

282 639 449 686 randa
491 639 617 687 viris
666 639 1067 702 imperarentur.
1159 642 1252 690 sed
1300 659 1420 690 cum
1472 643 1650 705 Scipic')
1692 651 1876 693 veram

225 731 265 763 25
282 716 438 764 vellet
474 723 528 764 et
564 716 678 765 sine
714 718 1027 780 exceptione
1063 717 1359 778 victoriam,
1397 727 1461 768 ef)
1499 721 1876 770 necessitatum

280 794 559 856 compulsi,
603 801 850 857 primum,
898 803 958 844 ut
999 797 1270 845 destinata
1312 805 1482 846 morte
1525 798 1575 845 in
1619 799 1876 861 proelium

282 881 509 932 ruerent,
540 889 661 922 cum
696 881 816 922 sese
853 875 999 936 prius
1033 875 1220 937 epulis,
1250 876 1403 939 quasi
1441 876 1656 936 inferiis,
1696 877 1877 940 imple-

281 949 500 1008 vissent,
553 951 728 999 carnis
782 951 1130 1011 semicrudae,
1184 960 1237 1001 et
1284 953 1474 1002 celiae:
1538 952 1635 1018 (sic
1683 963 1876 1003 vocant

282 1025 587 1090 indigenam
627 1044 692 1076 ex
732 1029 999 1078 frumentc
1042 1030 1355 1093 poticnem).
1446 1031 1772 1080 intellectum
1809 1034 1876 1081 ab

223 1122 265 1153 30
281 1103 600 1167 imperatore
626 1107 931 1155 censilium:
965 1107 1144 1171 itaque
1169 1115 1274 1157 ncn
1301 1116 1383 1157 est
1407 1116 1669 1171 permissa
1693 1122 1878 1174 pugna

281 1183 564 1232 morituris.
638 1201 759 1233 cum
785 1185 935 1234 fossa
964 1194 1124 1249 atque
1157 1188 1338 1245 letica,
1370 1195 1728 1251 quattuorque
1761 1205 1878 1238 cas-

280 1267 376 1309 tris
424 1261 782 1311 circumdatcs
831 1264 1001 1312 fames
1049 1273 1326 1327 premeret,
1374 1267 1442 1314 ab
1484 1266 1617 1314 duce
1659 1273 1876 1315 orantes

280 1339 555 1401 proelium,
598 1348 656 1388 ut
698 1348 954 1405 tanquam
992 1343 1137 1390 viros
1181 1343 1460 1402 occideret,
1502 1343 1590 1392 ubi
1634 1351 1739 1392 nen
1783 1344 1876 1392 im-

280 1419 580 1479 petrabant,
623 1419 821 1481 placuit
858 1421 1082 1482 eruptio.
1168 1427 1244 1469 sic
1280 1428 1529 1469 conserta
1564 1433 1725 1469 manu
1763 1424 1876 1484 plu-

223 1511 264 1542 35
281 1495 398 1543 rimi
428 1503 616 1545 occisi:
656 1504 708 1545 et
738 1514 859 1546 cum
891 1506 1106 1561 urgeret
1140 1499 1309 1547 fames
1341 1498 1722 1562 aliquantisper
1756 1499 1876 1549 inde

279 1580 474 1622 vixere.
553 1575 844 1623 novissime
888 1577 1167 1624 cc'msilium
1212 1577 1374 1639 fugae
1417 1577 1583 1625 sedit:
1639 1577 1733 1625 sed
1777 1578 1877 1627 hcc

279 1668 508 1715 quoque,
558 1659 727 1715 ruptis
770 1661 1027 1717 equcrum
1070 1655 1315 1717 cingulis,
1364 1662 1559 1703 uxores
1608 1656 1871 1715 ademere,

279 1738 493 1779 summ&
553 1732 767 1791 scelere,
832 1748 926 1794 per
985 1740 1240 1781 amerem.
1352 1733 1531 1796 itaque
1592 1734 1875 1796 deplorati)

279 1808 441 1867 exitu,
473 1808 524 1856 in
560 1809 799 1858 ultimam
836 1810 1035 1858 rabiem
1070 1811 1407 1873 furoremque
1440 1818 1699 1870 converSI,
1730 1820 1876 1874 post-

222 1893 428 1935 4orem6
476 1893 611 1934 mori
667 1888 769 1936 hcc
815 1903 1012 1950 genere
1060 1888 1411 1936 destinarunt.
1511 1890 1675 1937 duces
1724 1897 1870 1949 subs,

280 1971 461 2027 seque,
492 1964 844 2028 patriamque,
875 1965 1015 2014 ferr6
1050 1973 1104 2014 et
1137 1973 1361 2024 venene,
1397 1965 1744 2030 subiecthue
1781 1985 1875 2015 un-

279 2041 437 2104 dique
470 2048 595 2105 igne
628 2050 981 2105 peremerunt.
1060 2052 1232 2093 macte
1258 2044 1622 2103 fortissimam,
1653 2052 1722 2104 et,
1754 2053 1874 2094 mes>

280 2120 489 2178 iudicis),
521 2121 887 2169 beatissimam
921 2122 972 2169 in
1008 2122 1137 2184 ipsis
1173 2123 1325 2170 malis
1359 2123 1657 2171 civitatem!
1730 2140 1875 2171 asse-

281 2198 383 2246 ruit
413 2215 533 2246 cum
564 2199 667 2247 fide
698 2200 891 2259 socies,
922 2201 1175 2263 populum
1210 2200 1353 2249 orbis
1387 2208 1646 2249 terrarum
1674 2201 1874 2250 viribus

222 2296 263 2327 45
280 2276 471 2324 fultum
498 2285 597 2325 sua
622 2289 799 2335 manu,
831 2286 1006 2326 aetate
1033 2286 1142 2326 tam
1170 2280 1332 2342 longa
1358 2279 1626 2327 sustinuit.
1698 2279 1874 2327 novis-

280 2354 412 2402 sime
461 2355 697 2403 maximc')
740 2356 873 2404 duce
921 2372 1178 2418 oppressa
1219 2357 1408 2405 civitas
1457 2357 1657 2405 nullum
1701 2358 1767 2405 de
1815 2365 1874 2407 se

279 2432 537 2494 gaudium
575 2434 717 2481 hosti
754 2433 976 2496 reliquit.
1055 2445 1191 2482 unus
1226 2435 1364 2483 enim
1398 2434 1477 2483 vir
1512 2435 1873 2484 Numantinus

279 2517 385 2558 n6n
428 2510 544 2568 fuit,
586 2517 677 2574 qui
719 2511 769 2558 in
813 2518 1016 2560 catenis
1060 2513 1355 2561 duceretur.
1449 2513 1664 2575 praeda,
1706 2520 1765 2561 ut
1807 2514 1873 2562 de

279 2588 619 2651 pauperibus,
645 2590 814 2638 nulla:
850 2605 999 2638 arma
1018 2590 1119 2652 ipsi
1137 2599 1518 2640 cremaverant.
1572 2591 1872 2654 triumphus

224 2685 265 2718 50
281 2666 378 2715 fuit
411 2675 619 2716 tantum
655 2669 720 2716 de
756 2667 982 2716 nemine.
