1956 3242
285 188 352 254 58
804 185 1107 247 Excerpta
1147 182 1368 234 Brevia

283 330 604 393 periculique
652 330 857 377 ducem.
936 328 1141 377 Marius
1195 345 1316 376 cum
1368 327 1564 391 Ligure
1612 334 1879 391 premissa

227 425 266 458 25
282 408 559 471 cognitum
585 424 650 456 ex
675 406 1044 469 praesentibus
1071 405 1242 454 misit:
1280 413 1506 469 quorum
1527 411 1605 454 uti
1623 405 1879 469 cuiusque

282 485 554 549 ingenium
597 493 727 544 erat,
775 485 850 533 ita
899 501 1008 533 rem
1051 483 1312 532 difficilem
1362 490 1455 532 aut
1497 483 1704 532 facilem
1748 494 1878 532 nun-

282 563 508 612 tiavere:
563 563 800 612 consulis
848 562 1058 611 animus
1109 569 1288 610 tamen
1342 561 1560 625 paulum
1614 568 1873 611 arrectus.

282 642 461 705 itaque
487 659 551 690 ex
577 641 732 704 copia
750 640 1043 689 tubicinum
1066 648 1116 689 et
1137 639 1462 689 cornicinum
1483 647 1706 689 numere
1730 646 1880 703 quin-

281 737 384 783 que
409 736 570 783 quam
600 719 973 768 velocissimos
1004 719 1223 782 delegit,
1255 726 1307 767 et
1337 735 1459 767 cum
1489 725 1584 778 eis,
1615 717 1881 781 praesidio

226 805 373 860 aoqui
415 798 604 857 forent,
652 804 907 860 quattuor
954 797 1310 855 centuriones,
1359 804 1652 860 omnesque
1698 795 1882 860 Liguri

282 883 467 938 parere
493 875 654 933 iubet,
686 882 739 924 et
765 882 813 923 ei
838 875 1061 938 negotio
1085 875 1388 938 proximum
1414 875 1553 923 diem
1581 873 1874 923 constituit.

351 953 456 1001 Sed
490 953 578 1001 ubi
612 969 677 1001 ex
711 959 997 1015 praecepte
1030 959 1242 1015 tempus
1276 959 1467 1011 visum,
1507 958 1709 1015 paratis
1739 967 1882 1000 com-

283 1031 578 1095 positisque
620 1030 867 1079 omnibus
910 1032 979 1079 ad
1023 1031 1198 1079 locum
1242 1030 1433 1094 pergit.
1509 1037 1743 1079 ceterum
1787 1029 1876 1088 illi,

283 1117 373 1172 qui
399 1116 674 1158 escensuri
699 1116 867 1168 erant,
894 1109 1167 1171 praedocti
1193 1110 1261 1157 ab
1287 1109 1421 1157 duce
1441 1125 1591 1157 arma
1609 1114 1882 1157 ornatum-

228 1207 268 1237 35
284 1204 386 1250 que
417 1194 772 1246 mutaverant,
804 1187 977 1250 capite
1009 1194 1170 1250 atque
1201 1187 1424 1249 pedibus
1451 1187 1624 1244 nudis,
1655 1192 1733 1235 uti
1763 1192 1882 1248 pre-

284 1274 499 1328 spectus
527 1273 782 1329 nisusque
812 1282 905 1328 per
935 1282 1069 1314 saxa
1100 1265 1307 1313 facilius
1338 1264 1501 1313 foret:
1540 1280 1700 1327 super
1730 1271 1884 1328 terga

283 1344 450 1408 gladii
469 1351 522 1392 et
542 1351 712 1402 scuta,
737 1350 923 1392 verum
949 1360 1014 1392 ea
1034 1343 1318 1391 Numidica
1343 1359 1408 1391 ex
1434 1342 1608 1402 coriis,
1633 1341 1882 1405 ponderis

284 1421 463 1485 gratia
487 1421 643 1470 simul
675 1429 728 1470 et
758 1422 966 1470 offensa
995 1429 1102 1484 que
1132 1421 1300 1470 levius
1332 1428 1642 1483 streperent.
1720 1419 1884 1484 igitur

285 1499 664 1563 praegrediens
699 1498 864 1562 Ligus
892 1516 1025 1547 saxa
1055 1506 1108 1547 et
1138 1505 1183 1547 si
1213 1515 1350 1562 quae
1376 1505 1647 1547 vetustate
1677 1498 1883 1547 radices

229 1598 270 1629 40
286 1577 595 1626 eminebant
637 1578 841 1640 laqueis
878 1576 1161 1635 vinciebat,
1203 1576 1397 1639 quibus
1435 1576 1650 1625 allevati
1689 1575 1885 1624 milites

286 1655 491 1704 facilius
556 1656 920 1713 escenderent,
991 1654 1255 1704 interdum
1320 1653 1537 1702 timides
1602 1653 1886 1702 insolentia

286 1733 487 1782 itineris
535 1733 711 1782 levare
760 1744 949 1782 manu:
1005 1733 1095 1781 ubi
1138 1733 1299 1795 paule
1342 1731 1580 1794 asperior
1627 1738 1884 1780 ascensus

286 1819 417 1871 erat,
460 1811 706 1875 singulos
748 1828 875 1874 prae
913 1818 971 1860 se
1009 1811 1236 1860 inermes
1274 1817 1500 1868 mittere,
1542 1809 1731 1858 deinde
1773 1809 1886 1872 ipse

286 1907 406 1939 cum
434 1890 645 1939 illorum
671 1896 834 1938 armis
861 1896 1038 1952 sequi:
1077 1905 1216 1953 quae
1241 1888 1405 1937 dubia
1424 1895 1542 1936 nisu
1569 1888 1887 1937 videbantur

230 1990 270 2020 45
287 1968 599 2031 potissimus
647 1975 928 2030 temptare,
982 1984 1045 2016 ac
1092 1967 1306 2030 saepius
1355 1967 1541 2016 eadem
1590 1967 1885 2015 ascendens

287 2047 741 2109 descendensque,
775 2045 896 2094 dein
928 2045 1111 2094 statim
1141 2044 1465 2108 digrediens,
1500 2051 1694 2093 ceteris
1723 2045 1887 2093 auda-

287 2125 423 2174 ciam
455 2126 664 2173 addere.
743 2123 907 2188 igitur
937 2124 1026 2172 diu
1057 2124 1389 2186 multumque
1421 2123 1638 2186 fatigati
1670 2122 1886 2171 tandem

289 2202 338 2250 in
374 2204 651 2252 castellum
686 2202 1016 2265 perveniunt,
1047 2202 1316 2251 desertum
1349 2203 1417 2250 ab
1449 2210 1515 2250 ea
1546 2208 1712 2264 parte,
1742 2201 1885 2264 quod

289 2289 492 2339 omnes,
532 2288 670 2329 sicut
707 2280 824 2328 aliis
858 2280 1063 2338 diebus,
1103 2281 1388 2329 adversum
1425 2281 1610 2329 hostes
1643 2280 1880 2328 aderant.

232 2380 274 2412 50
292 2359 495 2407 Marius
532 2358 620 2407 ubi
658 2375 723 2406 ex
761 2358 959 2406 nuntiis
996 2375 1134 2421 quae
1174 2358 1339 2421 Ligus
1382 2365 1568 2422 egerat
1608 2357 1882 2422 cegnevit,

289 2452 613 2500 quamquam
640 2442 761 2485 tete
787 2435 871 2484 die
902 2435 1136 2484 intentos
1166 2436 1367 2498 proelio
1398 2435 1661 2484 Numidas
1691 2436 1888 2485 habue-

291 2523 389 2573 rat,
425 2522 538 2562 tum
570 2521 699 2563 vere
728 2514 1041 2563 cohortatus
1072 2513 1267 2563 milites
1297 2521 1351 2563 et
1381 2513 1494 2576 ipse
1523 2520 1676 2562 extra
1702 2520 1887 2562 vineas

290 2600 543 2656 egressus
576 2593 844 2641 testudine
875 2599 999 2641 acta
1028 2592 1311 2641 succedere
1346 2591 1503 2640 simul
1538 2592 1746 2640 hostem
1780 2599 1888 2640 tor-

292 2678 483 2719 mentis
518 2670 920 2734 sagittariisque
953 2677 1006 2719 et
1040 2670 1397 2718 funditeribus
1428 2670 1635 2719 eminus
1668 2676 1880 2719 terrere.

235 2771 275 2802 55
292 2756 347 2797 at
390 2748 671 2807 Numidae,
719 2764 878 2810 saepe
927 2756 1088 2797 antea
1133 2754 1301 2796 vineis
1347 2749 1715 2797 Romanorum
1764 2747 1887 2796 sub-

291 2833 476 2885 versis,
531 2826 657 2875 item
712 2825 959 2884 incensis,
1013 2833 1120 2874 nen
1175 2826 1381 2874 castelli
1435 2826 1712 2874 moenibus
1765 2831 1886 2874 sese

291 2906 622 2963 tutabantur,
670 2904 764 2952 sed
808 2911 904 2966 pre
952 2911 1104 2952 mure
1153 2903 1270 2952 dies
1319 2911 1608 2967 noctesque
1656 2902 1881 2967 agitare,

293 2983 604 3031 maledicere
644 2983 901 3031 Romanis
938 2999 1000 3031 ac
1039 2982 1213 3032 Mario
1256 2982 1558 3032 vecordiam
1596 2981 1881 3040 obiectare,
