1956 3242
265 201 328 252 72
783 185 1088 247 Excerpta
1128 182 1348 233 Brevia

264 332 364 380 bus
385 330 615 379 animine
633 337 799 379 causa
818 328 1011 378 cotidie
1031 334 1262 377 exerceri
1287 326 1524 390 putatis?
1578 333 1623 375 si
1648 326 1857 376 illorum

207 422 249 455 35
266 408 463 457 nuntiis
489 408 799 457 confirmari
825 413 931 455 non
958 405 1184 469 potestis
1211 411 1355 454 omni
1380 404 1528 452 aditu
1553 410 1853 466 praesepto,

264 488 346 536 his
373 486 582 535 utimini
614 484 842 534 testibus
873 483 1301 547 appropinquare
1327 490 1515 532 eorum
1540 482 1857 538 adventum;

263 564 414 614 cuius
459 571 532 613 rei
575 563 764 612 timore
803 561 1040 610 exterriti
1078 561 1218 609 diem
1258 567 1575 624 noctemque
1613 558 1664 607 in
1702 575 1861 622 opere

264 649 560 691 versantur.
637 640 763 703 quid
790 647 922 703 ergo
947 646 1050 688 mei
1079 638 1285 687 consilii
1310 639 1427 687 est?
1499 637 1686 695 facere,
1717 636 1860 700 quod

264 727 433 769 nostri
488 719 717 768 maiores
771 726 1109 781 nequaquam
1162 723 1277 779 pari
1332 716 1471 765 bello
1524 715 1860 764 Cimbrorum

206 813 249 845 40
264 799 671 860 Teutonumque
711 795 974 854 fecerunt;
1029 801 1119 858 qui
1162 794 1213 842 in
1256 794 1454 857 oppida
1494 793 1758 856 compulsi
1799 809 1862 842 ac

264 875 421 924 simili
455 875 636 937 inopia
669 874 879 922 subacti
912 880 1094 922 eorum
1121 873 1432 935 corporibus
1459 878 1549 935 qui
1583 879 1760 920 aetate
1793 872 1860 919 ad

264 953 459 1001 bellum
497 951 710 1000 inutiles
743 951 1061 999 videbantur
1094 957 1259 998 v1tam
1293 950 1657 998 toleraverunt
1691 965 1862 1011 neque

264 1038 322 1079 se
356 1029 601 1079 hostibus
632 1028 981 1078 tradiderunt.
1058 1028 1209 1077 cuius
1244 1034 1318 1076 rei
1350 1034 1395 1076 si
1429 1027 1729 1090 exemplum
1755 1034 1860 1075 non

264 1108 600 1165 haberemus,
632 1114 811 1156 tamen
839 1106 1099 1156 libertatis
1125 1114 1291 1155 causa
1320 1105 1526 1154 institui
1555 1112 1609 1154 et
1633 1111 1861 1167 posteris

207 1203 248 1234 45
265 1187 417 1248 prodi
451 1185 861 1249 pulcherrimum
887 1185 1191 1234 iudicarem.
1269 1200 1391 1231 narn
1425 1183 1553 1247 quid
1588 1183 1661 1231 illi
1694 1182 1862 1232 simile

264 1264 404 1314 bello
436 1264 570 1312 fuit?
641 1264 968 1326 depopulata
1001 1261 1173 1311 Gallia
1209 1261 1408 1309 Cimbri
1444 1269 1751 1325 magnaque
1787 1261 1862 1308 in·-

265 1342 376 1390 leta
431 1341 738 1390 calamitate
793 1340 995 1388 finibus
1051 1340 1264 1403 quidem
1322 1346 1518 1388 nostris
1575 1339 1862 1402 aliquando

265 1426 614 1469 excesserunt
639 1426 799 1481 atque
830 1418 963 1466 alias
993 1425 1164 1466 terras
1195 1417 1487 1480 petierunt,
1527 1416 1657 1475 iura,
1689 1417 1856 1480 leges,

265 1506 447 1562 agros,
492 1498 787 1546 libertatem
833 1497 986 1544 nobis
1030 1496 1368 1558 reliquerunt.
1462 1495 1694 1543 Romani
1733 1502 1862 1544 vero

208 1593 250 1626 50
266 1577 392 1640 quid
435 1583 622 1638 petunt
665 1574 806 1623 aliud
850 1581 943 1622 aut
981 1573 1107 1637 quid
1146 1573 1350 1631 volunt,
1394 1573 1491 1621 nisi
1536 1572 1730 1621 invidia
1772 1573 1862 1621 ad-

265 1655 428 1712 ducti,
473 1661 612 1716 quos
654 1652 800 1701 fama
838 1652 1042 1700 nobiles
1085 1658 1441 1714 potentesque
1479 1651 1619 1699 bello
1662 1658 1862 1715 cogno-

265 1739 472 1790 verunt,
499 1731 687 1780 horum
715 1730 765 1778 in
793 1737 939 1793 agris
964 1729 1376 1791 civitatibusque
1401 1730 1677 1778 considere
1702 1736 1862 1791 atque

266 1811 347 1859 his
374 1817 645 1859 aeternam
671 1808 946 1871 iniungere
973 1806 1318 1856 servitutem?
1390 1823 1560 1870 neque
1590 1806 1730 1856 enim
1755 1807 1865 1857 ulla

266 1887 371 1936 alia
398 1886 709 1936 condicione
742 1886 880 1934 bella
908 1891 1209 1949 gesserunt.
1287 1885 1429 1947 quod
1464 1891 1510 1932 si
1544 1901 1607 1933 ea
1639 1901 1778 1947 quae
1811 1883 1861 1933 in

210 1984 249 2016 65
266 1964 573 2029 longinquis
622 1963 928 2013 nationibus
975 1970 1235 2027 geruntur
1281 1962 1562 2026 ignoratis,
1616 1962 1860 2025 respicite

266 2043 552 2091 finitimam
587 2042 830 2100 Galliam,
861 2057 999 2105 quae
1033 2041 1085 2088 in
1118 2039 1445 2103 provinciam
1481 2041 1713 2100 redacta,
1750 2040 1862 2090 iure

266 2128 318 2169 et
357 2120 567 2183 legibus
606 2126 968 2178 commutatis,
1013 2118 1286 2168 securibus
1327 2118 1568 2168 subiecta
1606 2125 1864 2180 perpetua

266 2198 522 2260 premitur
559 2197 852 2246 servitute!

336 2274 625 2324 Sententiis
665 2274 821 2323 dictis
863 2274 1197 2324 constituunt
1241 2281 1299 2322 ut
1338 2280 1386 2323 ei
1425 2280 1517 2338 qui
1555 2273 1862 2322 valetudine

212 2361 360 2406 eoaut
391 2360 567 2401 aetate
602 2353 814 2402 inutiles
849 2360 973 2402 sunt
1005 2353 1144 2401 bello
1177 2352 1376 2415 oppido
1408 2352 1669 2401 excedant
1702 2358 1862 2414 atque

268 2431 446 2480 omnia
480 2430 625 2493 prius
660 2430 998 2494 experiantur
1027 2447 1186 2494 quam
1213 2431 1280 2478 ad
1316 2429 1620 2493 Critognati
1653 2437 1862 2479 senten-

268 2508 396 2557 tiam
423 2508 777 2558 descendant:
817 2509 906 2557 illo
933 2516 1110 2557 tamen
1138 2516 1375 2571 tempore
1401 2508 1580 2570 potius
1606 2509 1861 2557 utendum

268 2587 507 2646 consilio,
543 2593 589 2635 si
626 2594 710 2635 res
747 2594 910 2650 cogat
945 2595 1105 2650 atque
1142 2587 1339 2635 auxilia
1376 2594 1664 2645 morentur,
1699 2603 1859 2650 quam

268 2673 360 2714 aut
413 2664 700 2713 deditionis
753 2672 846 2713 aut
894 2665 1042 2727 pacis
1092 2665 1423 2713 subeundam
1472 2664 1853 2714 condicionem.

212 2763 252 2794 65
272 2742 564 2800 Mandubii,
612 2749 702 2805 qui
749 2749 842 2791 eos
890 2742 1088 2805 oppido
1137 2749 1461 2804 receperant,
1514 2759 1635 2791 cum
1684 2742 1860 2795 liberis

269 2828 429 2883 atque
471 2819 725 2868 uxoribus
768 2826 909 2868 exire
951 2827 1234 2882 coguntur.
1325 2820 1378 2867 hi
1419 2836 1541 2868 cum
1583 2819 1649 2867 ad
1693 2825 1860 2867 muni-

269 2897 442 2947 tiones
505 2898 869 2945 Romanorum
931 2896 1302 2955 accessissent,
1367 2897 1553 2945 flentes
1613 2895 1860 2945 omnibus

269 2976 512 3038 precibus
551 2976 778 3024 orabant
817 2981 876 3023 ut
918 2983 976 3023 se
1015 2982 1068 3023 in
1111 2975 1420 3024 servitutem
1462 2982 1702 3037 receptos
1737 2974 1861 3029 ¹cibo
