1956 3242
649 194 948 257 Excerpta
987 193 1203 243 Brevia
1643 212 1705 262 55

140 336 318 397 populi
353 336 578 384 Romani
608 336 815 384 coleret.
891 342 967 384 sic
999 336 1205 383 locutus
1230 351 1349 383 cum
1375 335 1561 384 litteris
1586 352 1706 385 eum

139 411 350 459 dimisit.
426 420 606 459 earum
643 411 903 460 sententia
938 413 1066 460 haec
1101 419 1239 460 erat:
1289 415 1301 438 ‘
1322 413 1504 460 Habes
1538 412 1705 461 virum

138 488 357 550 dignum
383 495 434 536 te
454 495 613 551 atque
631 496 732 537 avo
757 489 895 537 suo’.
954 489 1178 552 Micipsa
1203 496 1383 551 paucis
1410 495 1530 551 post
1555 496 1705 537 annis

139 564 371 613 moritur.

890 729 955 779 56

207 871 479 932 Hiempsal
539 877 793 933 reperitur
851 872 1121 919 occultans
1180 879 1298 920 sese
1358 872 1409 919 in
1471 870 1698 934 tugurio.

139 947 399 996 Numidae
434 955 593 1010 caput
629 948 759 1007 eius,
800 955 878 995 uti
916 948 1046 996 iussi
1081 956 1246 1007 erant,
1287 949 1354 996 ad
1395 949 1706 1012 Iugurtham

138 1024 381 1072 referunt.
475 1025 822 1073 Adherbalem
866 1032 1171 1088 omnesque,
1218 1033 1307 1088 qui
1348 1027 1447 1074 sub
1489 1025 1707 1087 imperio

140 1100 392 1162 Micipsae
433 1101 656 1159 fuerant,
704 1108 876 1148 metus
918 1101 1132 1149 invadit.
1226 1109 1438 1149 tametsi
1482 1103 1706 1150 Romam

137 1177 345 1239 legatos
379 1184 610 1235 miserat,
640 1184 731 1239 qui
763 1184 1004 1225 senatum
1038 1178 1286 1226 docerent
1317 1179 1383 1226 do
1415 1179 1574 1227 caede
1607 1179 1742 1226 fra-5

137 1253 231 1301 tris
257 1260 308 1301 et
332 1253 555 1302 fortunis
581 1260 708 1311 suis,
733 1261 910 1301 tamen
935 1254 1101 1301 fretus
1127 1254 1458 1302 multitudine
1485 1254 1707 1301 militum

136 1331 358 1391 parabat
384 1337 544 1378 armis
569 1330 898 1378 contendere.
964 1330 1135 1378 victus
1160 1346 1224 1378 ex
1250 1330 1449 1392 proelio
1474 1330 1708 1394 profugit

136 1406 188 1454 in
236 1406 558 1468 provinciam
606 1423 669 1454 ac
715 1406 902 1454 deinde
952 1407 1177 1455 Romam
1218 1407 1502 1455 contendit.
1595 1414 1707 1454 tum

140 1484 397 1546 Iugurtha
427 1490 650 1545 patratis
683 1483 930 1541 consiliis,
961 1491 1242 1546 postquam
1279 1490 1421 1532 omni
1458 1483 1709 1531 Numidia

136 1560 452 1622 potiebatur,
483 1559 533 1607 in
559 1559 671 1608 otio
696 1559 900 1608 facinus
930 1576 1084 1607 suum
1109 1576 1228 1608 cum
1255 1560 1430 1608 animo
1456 1567 1705 1622 reputans
1723 1576 1764 1606 10

137 1636 320 1685 timere
352 1637 603 1699 populum
632 1637 932 1685 Romanum
959 1652 1126 1698 neque
1152 1637 1405 1684 adversus
1438 1643 1568 1684 iram
1595 1637 1707 1685 eius

137 1723 361 1775 usquam
403 1713 501 1760 nisi
549 1713 600 1760 in
644 1713 868 1761 avaritia
908 1713 1200 1761 nobilitatis
1243 1721 1295 1761 et
1342 1713 1564 1775 pecunia
1610 1722 1710 1762 sua

137 1806 284 1851 spem
332 1789 541 1837 habere.
632 1789 807 1852 itaque
853 1796 1034 1852 paucis
1081 1790 1266 1838 diebus
1313 1806 1432 1838 cum
1480 1798 1610 1838 auro
1657 1798 1708 1838 et

138 1872 361 1929 argento
386 1866 553 1914 multo
584 1866 793 1928 legatos
825 1867 1049 1914 Romam
1076 1866 1253 1924 mittit,
1283 1873 1401 1929 quis
1433 1866 1701 1928 praecipit,

137 1949 363 2005 primum
419 1949 498 1990 uti
556 1950 760 1991 veteres
817 1942 1016 1991 amicos
1075 1943 1376 1991 muneribus
1440 1944 1701 2005 expleant,
1723 1959 1762 1990 15

138 2019 323 2067 deinde
360 2026 526 2068 novos
562 2026 851 2082 acquirant,
890 2027 1159 2081 postremo
1195 2036 1551 2083 quaecumque
1587 2037 1707 2082 pos-

139 2096 243 2144 sint
297 2096 574 2159 largiendo
621 2105 806 2158 parare
861 2104 926 2145 ne
980 2104 1304 2145 cunctentur.
1403 2097 1565 2160 igitur
1618 2099 1708 2145 ubi

138 2174 303 2236 legati
341 2173 471 2221 satis
508 2173 804 2231 confidunt,
845 2173 929 2221 die
967 2174 1260 2222 constituto
1298 2181 1514 2222 senatus
1553 2181 1707 2222 utris-

137 2267 238 2313 que
274 2251 445 2298 datur.
522 2257 804 2312 postquam
842 2257 933 2298 rex
970 2251 1233 2299 Adherbal
1272 2250 1436 2298 finem
1462 2251 1708 2313 loquendi

138 2327 276 2385 fecit,
307 2328 471 2390 legati
507 2327 809 2390 Iugurthae,
840 2327 1119 2390 largitione
1152 2327 1323 2390 magis
1353 2344 1512 2390 quam
1545 2337 1708 2376 causa
1725 2346 1764 2376 20

138 2404 273 2462 freti,
315 2410 497 2466 paucis
535 2404 879 2465 respondent:
934 2404 1292 2467 Hiempsalem
1329 2407 1396 2453 ob
1433 2405 1706 2453 saevitiam

139 2497 289 2528 suam
341 2482 408 2528 ab
465 2480 707 2528 Numidis
759 2480 1113 2529 interfectum:
1172 2482 1520 2530 Adherbalem
1567 2483 1707 2530 ultro

139 2557 331 2605 bellum
378 2556 702 2615 inferentem,
754 2565 1036 2620 postquam
1089 2566 1368 2619 superatus
1424 2559 1509 2617 sit,
1562 2566 1708 2621 queri

139 2635 279 2696 quod
339 2633 578 2681 iniuriam
633 2633 802 2682 facere
858 2635 1205 2697 nequivisset:
1272 2636 1583 2698 Iugurtham
1639 2638 1706 2684 ab

139 2718 326 2759 senatu
365 2717 557 2772 petere,
601 2717 666 2758 ne
708 2718 765 2758 se
807 2710 964 2758 alium
1003 2719 1249 2773 putarent
1288 2728 1349 2760 ac
1389 2712 1706 2760 Numantiae
1723 2732 1762 2764 25

139 2788 388 2851 cognitus
434 2794 593 2845 esset,
646 2803 744 2835 neu
792 2790 952 2836 verba
1006 2789 1199 2836 inimici
1250 2796 1372 2836 ante
1419 2789 1559 2836 facta
1611 2806 1708 2837 sua

140 2873 411 2927 ponerent.
486 2864 611 2912 vicit
649 2863 700 2910 in
737 2871 922 2912 senatu
959 2881 1081 2927 pars
1117 2865 1219 2923 illa,
1261 2881 1396 2927 quae
1432 2881 1556 2913 vero
1594 2882 1707 2927 pre-

141 2941 272 2990 tium
327 2949 419 2990 aut
474 2940 700 3004 gratiam
753 2942 1090 2990 anteferebat.
1190 2943 1457 2991 decretum
1506 2942 1578 3000 fit,
1631 2950 1708 2990 uti
