1956 3242
662 204 960 266 Excerpta
999 201 1215 252 Brevia
1655 217 1716 265 53

906 388 968 440 55

186 510 386 560 ROMAN
423 513 710 560 P0L1T1cAL
748 513 1040 560 MORALITY
1075 525 1184 559 AND
1219 525 1325 559 THE
1361 511 1508 558 WAR
1546 524 1688 558 wrrH

560 590 851 650 JUGURTHA
890 587 1011 652 (B.c.
1060 587 1304 652 149-106)

219 723 464 771 Ceterum
490 739 555 771 ex
579 723 694 771 aliis
719 723 967 787 negotiis,
996 739 1131 786 quae
1156 722 1367 786 ingenio
1392 730 1714 780 exercentur,

153 799 203 847 in
229 806 409 861 primis
443 807 642 862 magno
671 807 790 848 usui
823 808 903 848 est
929 799 1180 847 memoria
1213 807 1384 847 rerum
1416 807 1718 862 gestarum;

154 892 275 924 nam
311 892 469 938 saepe
505 893 608 939 ego
643 878 821 924 audivi
856 877 921 939 Q.
960 877 1269 934 Maximum,
1305 877 1360 923 P.
1398 876 1714 938 Scipienem,

153 1030 350 1077 dicere:
403 1046 523 1077 cum
565 1030 822 1078 maiorum
870 1029 1129 1092 imagines
1178 1028 1518 1088 intuerentur,
1567 1029 1755 1077 vehe-5

154 1106 476 1154 mentissime
512 1106 610 1155 sibi
648 1106 880 1154 animum
917 1106 983 1154 ad
1019 1106 1266 1154 virtutem
1302 1106 1530 1154 accendi.
1623 1112 1721 1154 sci-

154 1182 271 1230 licet
308 1190 414 1231 non
446 1191 620 1231 ceram
657 1183 796 1231 illam
831 1198 998 1245 neque
1035 1183 1260 1245 figuram
1294 1190 1497 1231 tantam
1530 1182 1636 1230 vim
1669 1183 1720 1229 in

153 1266 271 1307 sese
296 1260 504 1317 habere,
535 1260 627 1308 sed
657 1259 909 1307 memoria
935 1266 1106 1307 rerum
1136 1266 1408 1321 gestarum
1434 1275 1548 1307 eam
1575 1260 1720 1306 flam-

152 1352 291 1383 mam
331 1336 560 1398 egregiis
597 1335 721 1383 viris
760 1335 810 1382 in
850 1342 1059 1397 pectore
1098 1342 1331 1383 crescere
1370 1351 1539 1397 neque
1577 1335 1720 1397 prius

153 1413 326 1460 sedari
351 1429 509 1475 quarn
530 1412 695 1460 virtus
714 1419 897 1460 eorum
923 1412 1119 1460 famam
1139 1419 1298 1475 atque
1322 1412 1546 1474 gloriam
1567 1412 1720 1459 adae·
1738 1428 1778 1459 10

153 1488 408 1550 quaverit.
496 1496 552 1536 at
586 1495 771 1536 contra
805 1487 922 1549 quis
958 1494 1040 1536 est
1075 1487 1309 1536 omniurn
1345 1488 1426 1535 his
1463 1488 1716 1546 moribus,

152 1571 277 1627 quin
316 1564 511 1613 divitiis
549 1573 602 1613 et
640 1564 954 1626 sumptibus,
996 1571 1103 1612 non
1141 1565 1403 1626 probitate
1442 1581 1609 1627 neque
1648 1565 1721 1612 in-

153 1642 356 1690 dustria
374 1659 493 1690 cum
514 1642 800 1690 maioribus
820 1648 930 1689 suis
949 1642 1267 1689 contendat?
1303 1642 1462 1689 etiam
1483 1642 1721 1690 homines

154 1725 292 1778 novi,
323 1726 413 1781 qui
444 1726 601 1767 antea
632 1735 723 1781 per
755 1718 1002 1766 virtutem
1036 1719 1176 1766 soliti
1208 1726 1357 1766 erant
1390 1719 1720 1766 nobilitatem

154 1802 471 1852 antevenire,
495 1795 672 1842 furtim
698 1802 750 1843 et
775 1811 866 1856 per
890 1795 1165 1844 latrocinia
1190 1795 1364 1857 potius
1384 1811 1543 1857 quam
1569 1797 1720 1843 bonis
1737 1813 1777 1844 15

154 1872 354 1920 artibus
379 1872 447 1919 ad
472 1871 687 1933 imperia
712 1878 763 1918 et
789 1871 1014 1919 honores
1040 1878 1295 1919 nituntur:
1328 1871 1544 1933 proinde
1569 1871 1721 1934 quasi

155 1957 400 2011 praetfira
425 1956 477 1996 et
501 1949 806 1996 consulatus
832 1955 989 2009 atque
1015 1948 1118 1995 alia
1139 1948 1315 1995 omnia
1339 1948 1554 1996 huiusce
1579 1949 1722 1996 modi

154 2042 247 2087 per
282 2033 340 2073 se
376 2025 492 2087 ipsa
526 2025 668 2072 clara
702 2032 754 2072 et
791 2024 1072 2086 magnifica
1107 2024 1228 2081 sint,
1270 2041 1331 2073 ac
1367 2032 1471 2073 non
1508 2025 1721 2087 perinde

155 2103 446 2150 habeantur
481 2109 538 2148 ut
574 2109 772 2157 eorum,
813 2107 902 2163 qui
938 2117 1000 2148 ea
1035 2102 1311 2159 sustinent,
1349 2101 1515 2149 virtfis
1553 2109 1648 2150 est.

223 2179 423 2227 Bellum
466 2184 755 2238 scriptarus
803 2193 936 2233 sum,
983 2178 1122 2239 quod
1171 2178 1396 2240 populus
1447 2179 1720 2226 Romanus
1737 2195 1778 2228 20

154 2272 273 2304 cum
307 2255 566 2318 Iugurtha
598 2261 722 2316 rege
756 2253 1102 2301 Numidarum
1135 2254 1319 2316 gessit,
1351 2262 1572 2316 primum
1598 2255 1723 2318 quia

156 2341 408 2394 magnum
434 2339 486 2379 et
518 2338 671 2378 atrox
704 2330 951 2392 variaque
983 2330 1206 2379 victoria
1237 2332 1350 2388 fuit,
1381 2332 1567 2380 dehinc
1599 2332 1724 2395 quia

155 2415 280 2456 tunc
316 2414 540 2469 primum
577 2406 850 2468 superbiae
886 2407 1176 2455 nobilitatis
1212 2409 1422 2456 obviam
1456 2409 1586 2457 itum
1619 2417 1717 2467 est,

156 2500 290 2546 quae
325 2483 592 2532 contentio
627 2484 804 2530 divina
839 2491 890 2531 et
926 2484 1157 2532 humana
1191 2493 1382 2534 cancta
1419 2486 1722 2547 permiscuit

155 2567 323 2622 eoque
347 2560 622 2608 vecordiae
652 2560 923 2621 processit,
954 2568 1012 2608 ut
1042 2562 1228 2609 studiis
1261 2562 1499 2610 civilibus
1528 2563 1720 2611 bellum
1738 2581 1777 2612 25

155 2645 313 2699 atque
338 2636 562 2684 vastitas
599 2630 780 2684 italiae
811 2636 974 2685 finem
1007 2638 1216 2686 faceret.

224 2713 525 2771 Masinissa,
582 2719 675 2760 rex
734 2713 1096 2772 Numidarum,
1163 2715 1491 2777 Iugurtham,
1550 2715 1721 2763 filiurn

158 2789 538 2838 Mastanabalis
572 2789 766 2847 fratris,
796 2790 982 2838 eodem
1015 2792 1175 2849 cultu,
1206 2799 1312 2853 quo
1346 2792 1537 2840 liberos
1571 2800 1738 2851 suOS,

155 2867 298 2915 domi
330 2866 527 2914 habuit.
603 2872 692 2929 qui
724 2866 811 2914 ubi
844 2874 1068 2928 primum
1101 2868 1347 2927 adolevit,
1378 2870 1579 2931 pollens
1605 2869 1723 2917 viri-

155 2943 272 3001 bus,
295 2943 488 2991 decora
512 2942 662 3001 facie,
693 2944 785 2990 scd
811 2944 978 2992 multo
1003 2945 1230 2993 maxime
1256 2945 1470 3008 ingenio
1495 2946 1716 3004 validus,
1739 2965 1779 2996 30
