1956 3242
631 229 930 290 Excerpta
968 224 1185 275 Brevia
1626 238 1686 286 25

125 370 177 418 id
202 377 370 432 prime
394 371 640 418 acerbum
665 368 1040 430 indignumque
1059 364 1367 414 Veientibus
1392 369 1474 410 est
1496 368 1683 417 visum,

125 446 243 495 inde
275 445 549 494 consilium
585 462 651 494 ex
686 452 741 493 re
777 451 958 492 natum
991 441 1192 490 insidiis
1225 441 1450 488 ferocem
1483 439 1688 486 hostem
1704 454 1744 488 35

125 523 386 584 captandi.
443 538 634 584 pecora
652 519 1025 583 praedantibus
1046 517 1376 580 aliquotiens,
1401 516 1543 563 velut
1562 523 1688 562 casu

127 599 409 656 incidisset,
447 598 656 645 obviam
692 606 829 655 acta,
867 605 918 644 et
955 595 1244 658 agrestium
1281 594 1411 655 fuge
1443 598 1579 639 vasti
1615 607 1690 638 re-

127 676 233 723 licti
266 682 397 737 agri,
432 683 484 722 et
517 674 752 722 subsidia
784 680 1107 720 armatorum
1141 671 1208 718 ad
1240 670 1494 718 arcendas
1528 684 1691 730 popu-

127 752 349 800 lationes
390 758 553 799 missa
595 750 804 811 saepius
846 750 1095 797 simulate
1134 764 1292 810 quam
1332 753 1457 794 vere
1498 752 1692 807 pavore

129 827 446 889 refflgerunt.
523 827 731 889 iamque
765 826 911 873 Fabii
946 825 1080 872 adee
1115 830 1538 884 contempserant
1573 822 1692 869 hos·
1707 837 1748 869 40

129 911 250 960 tem,
289 911 346 951 ut
378 920 476 951 sua
508 903 701 951 invicta
733 918 880 950 arma
912 917 1078 964 neque
1111 902 1228 949 loce
1261 915 1428 960 neque
1460 906 1694 959 tempore

129 981 235 1028 tillo
270 981 540 1028 crederent
576 980 823 1027 stistineri
859 994 1031 1040 posse.
1107 978 1236 1026 haec
1272 983 1397 1038 spes
1434 975 1689 1037 prevexit,

129 1065 187 1104 ut
234 1057 300 1104 ad
348 1063 633 1117 censpecta
680 1056 858 1117 procul
907 1064 939 1103 a
985 1055 1233 1102 Cremera
1279 1060 1477 1115 magno
1523 1057 1695 1112 campi

131 1133 404 1180 intervallo
447 1149 652 1194 pecora,
693 1147 1013 1194 quamquam
1054 1139 1172 1178 rara
1209 1129 1439 1177 hostium
1478 1135 1694 1190 appare-

130 1211 257 1258 bant
304 1226 467 1266 arma,
519 1209 878 1257 decurrerent:
938 1215 990 1256 et
1036 1223 1155 1255 cum
1203 1205 1481 1267 improvidi
1527 1205 1750 1252 effuso45

130 1296 285 1334 cursu
325 1285 542 1333 insidias
577 1284 716 1332 circa
752 1284 922 1345 ipsum
962 1284 1059 1331 iter
1097 1283 1298 1331 locatas
1336 1287 1690 1343 superassent,

131 1362 399 1424 palatique
446 1360 643 1423 passim
684 1376 825 1423 vaga
873 1366 1113 1422 raperent
1159 1374 1365 1421 pecora,
1413 1356 1590 1405 subito
1632 1373 1697 1403 ex

131 1438 332 1486 insidiis
387 1437 725 1501 consurgitur
776 1444 828 1485 et
875 1437 1082 1485 adversi
1133 1442 1185 1484 et
1232 1435 1461 1497 undique
1516 1434 1695 1481 hostes

132 1522 294 1563 erant.
393 1521 563 1576 prime
617 1514 814 1562 clamor
868 1513 1205 1561 circumlatus
1259 1511 1526 1567 exterruit,
1578 1509 1696 1557 dein

132 1592 239 1640 tela
261 1591 328 1639 ab
353 1596 495 1638 omni
523 1598 672 1651 parte
701 1589 1035 1637 accidebant:
1072 1588 1486 1650 coeuntibusque
1518 1580 1697 1633 Etrus·
1713 1602 1755 1634 50

132 1674 207 1715 cis
254 1666 357 1715 iam
399 1666 687 1715 continenti
733 1665 945 1728 agmine
993 1672 1318 1714 armaterum
1361 1670 1546 1725 saepti,
1593 1669 1699 1724 qus)

135 1743 306 1806 magis
332 1750 390 1792 se
415 1743 583 1791 hostis
608 1742 879 1799 inferebat,
909 1744 1238 1804 cogebantur
1264 1740 1502 1789 breviere
1527 1739 1700 1801 spatie

135 1828 186 1868 et
239 1821 338 1882 ipsi
384 1822 564 1868 orbem
610 1819 885 1882 colligere:
944 1835 1079 1881 quae
1135 1826 1218 1866 res
1274 1825 1326 1865 et
1382 1816 1700 1879 paucitatem

135 1904 316 1945 eerum
352 1902 614 1959 insignem
649 1903 701 1944 et
735 1895 1119 1943 multitudinem
1155 1888 1497 1942 Etruscorum
1531 1892 1701 1940 multi-

136 1974 342 2036 plicatis
390 1972 442 2020 in
489 1979 638 2021 arcte
686 1972 957 2020 Ordinibus
1005 1971 1246 2019 faciebat.
1345 1978 1456 2018 tum
1504 1976 1756 2017 omissa55

136 2058 334 2114 pugne,
364 2065 522 2112 quam
556 2048 607 2096 in
637 2056 820 2097 omnes
854 2054 1031 2110 partes
1065 2063 1242 2108 parem
1276 2046 1620 2102 intenderant,
1651 2045 1702 2092 in

137 2138 298 2175 finum
331 2126 503 2174 locum
537 2133 595 2173 se
627 2133 810 2173 omnes
844 2124 1118 2172 inclinant:
1167 2131 1232 2171 ee
1266 2129 1366 2170 nisi
1398 2122 1704 2184 corporibus

137 2199 400 2266 armisque
443 2209 628 2264 rupere
665 2208 834 2249 cunee
873 2200 1028 2248 viam.
1103 2199 1253 2247 duxit
1291 2199 1376 2247 via
1417 2199 1468 2246 in
1506 2198 1704 2247 editum

139 2277 325 2328 leniter
364 2278 566 2327 collem.
642 2277 761 2325 inde
803 2283 972 2339 prime
1015 2276 1266 2324 restitere.
1343 2292 1483 2333 mox,
1529 2282 1588 2323 ut
1630 2291 1705 2322 re-

140 2356 372 2418 spirandi
414 2354 650 2417 superior
687 2355 834 2402 locus
876 2353 1105 2415 spatium
1144 2352 1286 2400 dedit
1325 2351 1762 2413 recipiendiqueoo

141 2442 174 2480 a
205 2439 401 2494 pavere
434 2438 585 2480 tante
619 2431 868 2487 animum,
899 2429 1174 2491 propulere
1207 2428 1365 2477 etiam
1399 2430 1700 2484 subeuntes,

141 2509 522 2570 vincebantque
561 2507 756 2555 auxilie
794 2507 894 2555 loci
935 2505 1190 2568 paucitas,
1232 2512 1285 2552 ni
1323 2505 1452 2567 iuge
1491 2505 1707 2552 circum-

143 2592 335 2633 missus
370 2584 565 2632 Veiens
605 2583 656 2631 in
692 2583 938 2631 verticem
977 2582 1123 2631 collis
1162 2581 1436 2630 evasisset.
1513 2581 1585 2628 ita
1623 2597 1707 2627 su-

142 2661 312 2723 perior
329 2672 509 2709 rnrsus
526 2660 692 2708 hostis
709 2660 906 2708 factus:
946 2659 1094 2707 Fabii
1109 2665 1250 2707 caesi
1265 2659 1330 2705 ad
1347 2669 1506 2705 smum
1525 2664 1708 2704 omnes

142 2737 562 2799 praesidiumque
598 2744 975 2800 expugnatum.
1064 2741 1327 2784 trecentes
1364 2750 1457 2781 sex
1493 2733 1764 2795 periisse65

144 2814 273 2863 satis
306 2813 564 2871 convenit,
599 2824 759 2861 unum
792 2828 953 2875 prope
984 2813 1232 2875 puberem
1262 2818 1436 2859 aetete
1470 2809 1704 2857 relictum

145 2891 359 2953 stirpem
385 2896 532 2953 genti
568 2889 761 2938 Fabiae
785 2889 1063 2950 dubiisque
1092 2889 1248 2936 rebus
1273 2886 1452 2948 populi
1485 2887 1711 2933 Remani

146 2982 303 3029 saepe
326 2967 468 3015 domi
493 2966 715 3028 bellique
741 2965 820 3014 vel
845 2964 1132 3013 maximum
1159 2963 1391 3011 futurum
1417 2961 1681 3010 auxilium.
