1956 3242
268 197 329 259 36
555 203 557 206 ·
780 194 1085 258 Excerpta
1125 194 1346 246 Brevia

205 352 246 385 25
262 344 423 400 pacte
452 343 500 387 ei
529 339 629 387 sub
659 338 918 387 Gallicum
951 338 1191 402 gladium
1226 339 1503 399 successit,
1537 347 1697 405 atque
1733 342 1858 392 His-

261 416 458 479 panice
494 425 680 478 pectus
718 417 921 464 hausit:
960 417 1079 465 dein
1113 417 1366 465 continuo
1402 433 1643 466 umerum
1676 421 1857 468 dexte-

263 511 378 542 rum
409 496 599 543 eodem
629 504 923 558 congressu
949 493 1148 553 incidit,
1179 510 1349 558 neque
1381 495 1600 545 recessit
1629 507 1856 560 nsquam

261 573 430 621 denec
474 572 750 630 subvertit,
799 579 866 620 ne
911 573 1094 620 Gallus
1138 572 1393 634 impetum
1436 574 1574 623 ictus
1616 574 1850 624 haberet.

261 650 350 698 ubi
394 666 514 699 eum
562 650 751 699 evertit
793 658 954 713 caput
996 651 1268 713 praecidit,
1315 658 1559 714 torquem
1602 652 1852 712 detraxit,

204 743 246 775 30
262 744 486 791 eamque
519 728 984 791 sanguinolentam
1022 729 1122 777 sibi
1159 729 1210 776 in
1247 730 1439 778 collum
1477 730 1720 792 impenit,
1749 737 1858 794 que

261 822 326 854 ex
364 806 509 855 facto
546 805 659 869 ipse
698 813 1004 870 posterique
1042 807 1156 855 eius
1194 808 1456 871 Torquati
1494 815 1621 857 sunt
1656 815 1858 873 cogne-

260 883 462 932 minati.

1057 1001 1126 1052 43

330 1124 608 1174 Hactenus
656 1125 856 1188 populo
906 1126 1153 1175 Romano
1205 1126 1400 1175 bellum
1454 1142 1575 1176 cum
1629 1126 1856 1191 singulis

259 1203 520 1266 gentium,
550 1220 674 1252 mox
701 1204 987 1253 acervatim
1014 1212 1192 1253 tamen
1220 1212 1296 1253 sic
1321 1221 1534 1268 quoque
1565 1214 1661 1267 par
1689 1205 1855 1254 omni-

259 1282 360 1330 bus
386 1281 501 1330 fuit.
579 1276 929 1331 Etruscorum
960 1283 1239 1331 duodecim
1270 1284 1468 1346 populi,
1502 1284 1692 1332 Umbri
1720 1284 1772 1332 in
1803 1283 1855 1332 id

259 1366 471 1422 tempus
497 1359 698 1419 intacti,
729 1360 1131 1423 antiquissimus
1160 1354 1345 1408 ltaliae
1371 1361 1617 1422 populus,
1649 1361 1855 1409 Samni-

224 1437 392 1485 ⁶tium
442 1438 627 1501 reliqui
674 1437 727 1486 in
776 1438 1038 1486 excidium
1090 1438 1321 1487 Remani
1369 1438 1597 1487 nominis
1642 1446 1855 1501 repente

260 1515 555 1564 coniurant.
632 1524 746 1565 erat
765 1524 934 1564 terror
960 1516 1167 1579 ingens,
1193 1524 1273 1565 tot
1294 1516 1450 1565 simul
1476 1524 1855 1580 tantorumque

259 1594 594 1656 populorum.
672 1594 779 1642 late
799 1610 892 1656 per
919 1588 1185 1642 Etruriam
1206 1594 1402 1642 infesta
1421 1602 1674 1657 quattuor
1698 1601 1856 1658 signa

258 1672 572 1720 volitabant.
650 1672 908 1720 Ciminius
947 1672 1154 1720 interim
1198 1673 1368 1720 saltus
1406 1671 1456 1719 in
1494 1671 1689 1730 medio,
1731 1680 1855 1721 ante

259 1749 449 1809 invius,
491 1750 647 1812 plane
690 1750 842 1812 quasi
886 1749 1195 1798 Calidonius
1238 1750 1322 1797 vel
1363 1749 1677 1813 Hercynius,
1719 1750 1855 1799 adef)

202 1842 243 1875 10
259 1834 385 1877 tunc
417 1834 606 1876 terrori
638 1835 769 1886 erat,
807 1835 866 1875 ut
903 1835 1120 1875 senatus
1155 1827 1373 1877 censuli.
1397 1826 1750 1885 denuntiaret,
1789 1834 1854 1876 ne

257 1912 467 1953 tantum
515 1906 732 1968 periculi
781 1905 988 1968 ingredi
1036 1906 1271 1954 auderet.
1349 1905 1442 1953 sed
1491 1905 1617 1952 nihil
1665 1906 1853 1954 horum

258 1982 445 2031 terruit
477 1983 665 2032 ducem
703 1990 829 2046 quin
867 1983 1030 2031 fratre
1066 1989 1362 2045 praemisse
1398 1984 1640 2044 explorat
1677 1990 1854 2032 acces-

259 2071 367 2109 sus.
445 2060 530 2110 ille
584 2077 677 2123 per
737 2068 944 2110 noctem
1002 2060 1243 2123 pastorio
1302 2060 1486 2109 habitu
1548 2062 1852 2123 speculatus

258 2139 438 2188 omnia
472 2139 629 2188 refert
662 2147 838 2187 tutum
874 2139 987 2188 iter.
1066 2146 1141 2187 sic
1178 2138 1375 2187 Fabius
1414 2138 1684 2187 Maximus
1720 2146 1853 2201 peri-

202 2217 651 2265 15culosissimum
691 2218 883 2265 bellum
929 2217 1041 2265 sine
1078 2217 1312 2279 periculo
1353 2216 1652 2278 explicavit.
1729 2233 1851 2265 nam
1931 2256 1933 2258 .

260 2294 440 2343 subito
501 2294 801 2343 inconditos
861 2303 1022 2357 atque
1087 2296 1330 2356 palantes
1394 2309 1688 2356 aggressus
1748 2303 1846 2353 est,

256 2379 533 2435 captisque
582 2372 942 2434 superioribus
985 2371 1143 2434 iugis,
1191 2372 1243 2419 in
1287 2371 1555 2419 subiectos
1598 2378 1699 2420 suo
1741 2372 1852 2421 iure

257 2450 516 2498 detonuit.
594 2465 659 2498 ea
694 2466 923 2512 namque
961 2449 1165 2511 species
1202 2449 1301 2497 fuit
1338 2449 1475 2496 illius
1519 2450 1656 2507 belli,
1697 2449 1852 2512 quasi

259 2527 310 2575 in
354 2527 651 2590 terrigenas
695 2535 724 2576 e
767 2528 916 2575 eaelo
961 2543 1023 2575 ac
1065 2526 1294 2575 nubibus
1342 2528 1450 2575 tela
1497 2533 1844 2577 mitterentur.

202 2621 243 2653 20
260 2621 355 2654 nee
391 2605 666 2653 incruenta
697 2613 874 2654 tamen
908 2605 995 2652 illa
1030 2604 1278 2654 victeria:
1318 2620 1438 2652 nam
1472 2620 1762 2668 oppressus
1798 2605 1848 2653 in

258 2683 375 2731 sinu
436 2683 588 2731 vallis
648 2683 782 2731 alter
839 2683 1135 2741 consulum,
1196 2683 1410 2741 Decius,
1469 2690 1618 2732 mere
1677 2683 1850 2745 patrio

257 2762 512 2810 devotum
550 2762 663 2809 deis
702 2761 945 2809 manibus
988 2761 1179 2808 obtulit
1222 2767 1409 2822 caput:
1454 2761 1848 2823 solemnemque

257 2838 486 2887 familiae
534 2855 663 2887 suae
710 2838 1167 2887 censecrationem
1216 2838 1267 2886 in
1315 2838 1568 2887 victoriae
1620 2837 1847 2901 pretium

258 2916 479 2979 redegit.
