1956 3242
292 172 356 233 56
810 169 1113 230 Excerpta
1154 167 1373 217 Brevia

290 311 472 359 decem
504 310 669 373 legati
700 318 941 373 regnum,
972 311 1115 373 quod
1149 310 1376 372 Micipsa
1401 310 1719 370 obtinuerat,
1750 309 1884 358 inter

232 400 276 433 30
294 388 610 452 Iugurtham
642 396 694 437 et
726 389 1078 437 Adherbalem
1111 389 1422 437 dividerent.

359 468 653 529 Postquam
687 468 861 515 diviso
901 474 1068 530 regno
1106 467 1271 530 legati
1308 461 1487 514 Africa
1518 466 1796 515 decessere
1832 472 1886 514 et

293 545 553 608 Iugurtha
609 552 796 593 contra
854 544 1100 593 timorem
1161 544 1322 592 animi
1382 543 1618 607 praemia
1674 543 1886 592 sceleris

290 623 543 685 adeptum
593 630 713 671 sese
762 622 923 681 videt,
976 630 1178 671 certum
1232 639 1350 670 esse
1407 629 1573 680 ratus,
1626 622 1777 684 quod.
1821 638 1887 669 ex

291 707 476 748 amicis
526 700 669 762 apud
719 700 1066 748 Numantiam
1115 707 1411 762 acceperat,
1456 699 1635 747 omnia
1685 700 1888 748 Rornae

234 792 275 824 35
292 778 502 826 venalia
527 794 662 836 esse,
694 778 850 826 simul
881 786 933 826 et
964 778 1174 827 illorum
1200 777 1672 840 pollicitationibus
1703 785 1887 826 accen-

291 873 401 915 sus,
426 864 562 919 quos
589 857 750 919 paulo
771 864 894 905 ante
915 857 1222 905 muneribus
1241 857 1564 919 expleverat,
1590 855 1640 904 in
1663 863 1887 919 regnum

291 935 607 983 Adherbalis
645 935 881 984 animum
919 935 1160 983 intendit.
1244 935 1357 997 ipse
1393 943 1532 994 acer,
1573 933 1886 983 bellicosus:

291 1019 347 1060 at
379 1012 423 1061 is
457 1028 615 1075 quem
647 1015 864 1075 petebat
896 1013 1126 1076 quietus,
1158 1012 1383 1061 imbellis
1408 1011 1619 1074 placido
1651 1011 1883 1074 ingenio,

292 1097 626 1152 opportunus
647 1090 884 1150 iniuriae,
907 1097 1150 1139 metuens
1171 1090 1346 1153 magis
1367 1106 1528 1153 quam
1550 1089 1881 1138 metuendus.

235 1182 278 1214 40
292 1168 559 1217 Adherbal
592 1185 713 1217 cum
740 1175 924 1231 paucis
955 1168 1222 1232 equitibus
1249 1168 1452 1216 Cirtam
1478 1167 1717 1230 profugit
1750 1174 1803 1216 et
1837 1173 1889 1215 ni

293 1246 580 1295 multitudo
628 1253 939 1309 togatorum
988 1246 1195 1305 fuisset,
1248 1262 1386 1309 quae
1436 1245 1700 1294 Numidas
1753 1252 1890 1294 inse·

292 1331 521 1387 quentes
548 1324 826 1373 moenibus
852 1324 1140 1387 prohibuit,
1165 1331 1273 1373 uno
1297 1323 1383 1372 die
1409 1323 1544 1372 inter
1569 1324 1706 1372 duos
1732 1331 1889 1387 reges

293 1409 540 1464 coeptum
569 1409 731 1465 atque
756 1410 1028 1464 patratum
1053 1401 1250 1450 bellum
1276 1401 1426 1450 foret.
1506 1401 1670 1465 igitur
1702 1402 1890 1465 Iugur-

293 1480 388 1527 tha
421 1479 676 1542 oppidum
710 1480 1065 1529 circumsedit.
1142 1479 1409 1527 Adherbal
1447 1495 1512 1527 ex
1550 1485 1626 1527 eis
1659 1485 1751 1542 qui
1783 1488 1892 1528 una

237 1574 277 1606 45
294 1556 496 1605 Cirtam
541 1557 890 1622 profugerant
932 1559 1069 1607 duos
1113 1557 1343 1605 maxime
1387 1556 1647 1620 impigros
1689 1556 1891 1621 delegit

293 1642 352 1683 ut
389 1636 616 1684 Romam
650 1643 948 1700 pergerent.
1026 1635 1232 1684 lItterae
1266 1634 1581 1683 Adherbalis
1614 1634 1666 1682 in
1700 1642 1890 1684 senatu

294 1713 562 1761 recitatae.
626 1714 876 1776 legantur
900 1713 952 1761 in
973 1707 1206 1762 Africam
1233 1712 1462 1762 maiores
1489 1720 1635 1772 natu,
1661 1712 1886 1771 nobiles,

294 1791 484 1853 amplis
528 1791 820 1840 honoribus
862 1797 961 1840 usi.
1052 1797 1100 1839 ei
1141 1791 1319 1839 triduo
1362 1790 1540 1839 navim
1583 1790 1884 1840 ascendere.

294 1868 415 1916 dein
469 1870 616 1917 brevi
667 1869 882 1918 Uticam
936 1869 1147 1932 appulsi
1197 1869 1402 1917 lItteras
1453 1868 1521 1916 ad
1575 1868 1890 1932 Iugurtham

238 1967 280 1999 50
296 1953 515 1995 mittunt
544 1963 704 2010 quam
734 1946 983 1997 ocissime
1017 1948 1085 1996 ad
1119 1946 1446 2010 provinciam
1480 1947 1716 1995 accedat.
1793 1945 1891 2010 igi-

295 2033 382 2073 tur
410 2025 645 2074 exercitu
678 2025 1010 2075 circumdato
1044 2034 1256 2074 summa
1281 2031 1334 2073 vi
1367 2024 1569 2073 Cirtam
1604 2024 1892 2087 irrumpere

295 2103 494 2151 nititur.
561 2104 704 2167 quod
730 2104 818 2152 ubi
845 2120 999 2153 secus
1026 2103 1267 2166 procedit
1292 2119 1462 2166 neque
1487 2103 1630 2166 quod
1657 2102 1893 2152 intende-

297 2188 378 2229 rat
408 2181 611 2230 efficere
646 2189 841 2244 potest,
872 2190 931 2230 ut
964 2182 1111 2244 prius
1144 2198 1306 2245 quam
1341 2182 1553 2244 legatos
1587 2188 1892 2231 conveniret

297 2259 611 2307 Adherbalis
645 2266 921 2321 potiretur,
953 2267 1019 2309 ne
1053 2259 1282 2322 amplius
1317 2259 1576 2308 morando
1610 2260 1886 2317 Scaurum,

240 2358 281 2390 55
297 2353 453 2399 quem
502 2336 786 2398 plurimum
836 2339 1124 2395 metuebat,
1173 2337 1490 2395 incenderet,
1538 2353 1657 2385 cum
1707 2343 1891 2399 paucis

296 2414 563 2477 equitibus
613 2414 663 2462 in
714 2414 1040 2477 provinciam
1090 2415 1250 2463 venit.
1345 2431 1408 2463 ac
1456 2421 1671 2463 tametsi
1720 2421 1893 2464 senati

297 2493 472 2540 verbis
511 2500 706 2555 graves
747 2493 920 2541 minae
959 2492 1359 2552 nuntiabantur,
1400 2493 1543 2556 quod
1581 2495 1648 2541 ab
1686 2504 1893 2556 oppug-

299 2570 513 2619 natione
557 2578 662 2618 non
705 2570 1003 2630 desisteret,
1052 2571 1222 2619 multa
1263 2579 1442 2620 tamen
1486 2570 1728 2619 oratione
1768 2578 1892 2620 con-

298 2656 516 2710 sumpta
540 2649 707 2711 legati
732 2648 931 2697 frustra
955 2648 1264 2697 discessere.
1319 2665 1383 2697 ea
1406 2656 1692 2711 postquam
1714 2648 1892 2697 Cirtae

243 2747 283 2779 60
300 2727 483 2774 audita
516 2734 657 2784 sunt,
700 2721 885 2785 italici,
919 2733 1145 2789 quorum
1179 2726 1374 2775 virtute
1408 2726 1617 2775 moenia
1649 2725 1892 2775 defensa-

299 2806 493 2852 bantur
517 2804 717 2853 confisi
749 2804 1017 2853 deditione
1044 2804 1185 2853 facta
1219 2811 1436 2867 propter
1469 2803 1890 2867 magnitudinem

300 2883 481 2944 populi
522 2883 751 2931 Romani
790 2881 1074 2931 inviolatos
1115 2889 1238 2932 sese
1276 2883 1404 2940 fore,
1447 2882 1733 2930 Adherbali
1769 2889 1890 2930 sua-

299 2961 425 3009 dent
457 2967 533 3008 uti
566 2968 730 3024 seque
760 2968 812 3009 et
846 2961 1099 3024 oppidum
1137 2961 1428 3025 Iugurthae
1454 2960 1650 3019 tradat,
1680 2966 1889 3008 tantum
