1956 3242
279 230 338 261 10
790 212 1093 275 Excerpta
1134 210 1353 261 Brevia

272 355 532 404 demisere
568 362 746 418 caput,
789 356 970 418 pluvie
1004 371 1125 404 cum
1161 355 1296 404 forte
1331 361 1641 418 gravantur.

273 441 328 481 at
366 433 531 482 Nisus
569 432 671 481 ruit
709 433 760 481 in
797 433 1000 482 medies
1038 433 1318 496 selumque
1354 449 1447 495 per
1482 440 1668 482 omnes

218 529 258 560 20
274 511 585 559 Volcentem
623 510 772 574 petit,
814 510 865 559 in
904 511 1022 560 sele
1059 511 1315 560 Volcente
1353 518 1605 560 moretur.

273 605 428 651 quem
462 589 659 637 circum
692 589 976 653 glomerati
1006 589 1192 638 hostes
1226 588 1347 638 hinc
1378 588 1674 638 comminus
1704 594 1865 652 atque

409 666 527 715 hinc

272 746 603 807 proturbant.
681 751 846 794 instat
883 753 988 794 nen
1027 745 1194 794 setius
1230 761 1294 794 ac
1331 752 1472 794 rotat
1508 752 1690 795 ensem

272 822 599 881 fulmineum,
641 823 813 872 denec
852 823 1036 871 Rutuli
1071 822 1352 872 clamantis
1389 823 1440 871 in
1477 830 1570 872 ere

273 900 508 949 condidit
545 901 772 949 adverse
809 909 862 949 et
898 900 1130 950 moriens
1168 900 1399 950 animam
1442 899 1661 949 abstulit
1698 900 1856 949 hosti.

218 999 258 1029 25
274 987 386 1027 tum
424 995 583 1041 super
619 978 922 1027 exanimum
960 986 1079 1028 sese
1116 978 1337 1041 preiecit
1373 985 1602 1027 amicum

273 1057 556 1107 confossus
594 1057 906 1121 placideque
943 1057 1014 1106 ibi
1051 1057 1266 1106 demum
1304 1063 1474 1106 morte
1509 1055 1726 1121 quievit.

1037 1230 1101 1282 21

598 1354 644 1402 T
647 1368 840 1402 ULLIUS
877 1354 1193 1401 TERENTIAE
1230 1365 1369 1401 SUAE
1405 1366 1449 1401 S.
1481 1366 1534 1401 D.

341 1484 720 1533 Valetudinem
740 1492 887 1533 tuam
908 1483 1063 1532 velim
1083 1490 1237 1533 cfires
1257 1481 1679 1547 diligentissime.
1746 1498 1868 1531 nam

275 1563 398 1611 mihi
426 1570 479 1611 et
504 1569 758 1626 scriptum
785 1570 838 1611 et
863 1562 1164 1610 nuntiatum
1192 1569 1274 1610 est
1305 1568 1359 1610 te
1391 1560 1443 1609 in
1473 1560 1659 1609 febrim
1691 1559 1870 1609 subite

275 1640 537 1690 incidisse.
614 1641 757 1705 quod
777 1640 1013 1689 celeriter
1033 1647 1118 1688 me
1134 1639 1307 1688 fecisti
1326 1639 1393 1687 de
1413 1637 1660 1687 Caesaris
1681 1640 1870 1686 litteris

274 1718 571 1777 certiorem,
630 1718 807 1767 fecisti
859 1717 986 1766 mihi
1040 1725 1271 1781 gratum.
1350 1716 1475 1765 item
1529 1716 1772 1778 posthac,
1825 1721 1871 1763 si

240 1796 399 1860 squid
426 1813 562 1859 opus
592 1796 707 1855 erit,
738 1803 784 1845 si
812 1795 937 1859 quid
964 1795 1213 1854 acciderit
1239 1801 1380 1854 novi,
1410 1793 1573 1844 facies
1600 1801 1658 1842 ut
1683 1793 1864 1843 sciam.

275 1883 403 1924 care
429 1882 487 1923 ut
512 1875 708 1924 valeas.
784 1874 922 1923 vale.
1000 1873 1049 1922 d.
1082 1873 1168 1921 iiii.
1203 1873 1344 1922 Nen.
1380 1873 1493 1921 I‘fln.

1039 2042 1107 2093 22

607 2168 849 2215 TULLIUS
885 2166 1202 2215 TERENTIAE
1238 2179 1377 2214 SUAE
1413 2180 1457 2214 s.
1488 2179 1540 2213 D.

345 2296 504 2359 Quod
543 2303 642 2344 nes
680 2295 729 2343 in
773 2290 980 2344 Ttaliam
1024 2294 1203 2344 salves
1245 2293 1456 2343 venisse
1491 2293 1716 2357 gaudes,
1758 2309 1872 2356 per-

278 2381 441 2437 petue
484 2373 725 2437 gaudeas
768 2372 940 2421 velim.
1018 2372 1112 2420 sed
1155 2373 1449 2434 perturbati
1490 2371 1675 2419 dolere
1711 2370 1873 2419 animi

280 2459 598 2516 magnisque
641 2450 842 2499 iniuriis
891 2456 1074 2498 metue
1116 2456 1183 2498 ne
1225 2448 1277 2496 id
1325 2448 1531 2498 censilii
1576 2448 1872 2510 ceperimus

279 2530 420 2592 quod
449 2537 553 2578 nen
579 2528 731 2578 facile
761 2527 1024 2591 explicere
1054 2533 1339 2590 possimus.
1415 2532 1581 2589 quere
1612 2533 1872 2589 quantum

245 2615 434 2669 5potes
478 2606 688 2655 adiuva.
765 2606 891 2669 quid
935 2612 1114 2654 autem
1158 2610 1333 2667 possis
1377 2603 1503 2652 mihi
1547 2603 1599 2651 in
1642 2610 1872 2652 mentem

283 2693 387 2734 nen
426 2684 585 2733 venit.
662 2683 713 2731 in
750 2683 889 2732 viam
928 2683 1071 2746 quod
1107 2689 1162 2730 te
1200 2683 1295 2731 des
1333 2682 1435 2731 hec
1471 2689 1708 2744 tempore
1746 2679 1871 2728 nihil

280 2770 388 2820 est;
427 2770 480 2811 et
516 2763 736 2826 longum
770 2769 852 2810 est
885 2760 984 2809 iter
1016 2767 1068 2809 et
1105 2767 1210 2809 nen
1248 2767 1450 2818 tntum3
1489 2766 1542 2808 et
1574 2765 1682 2807 nen
1715 2757 1872 2807 videe

281 2840 406 2903 quid
467 2840 722 2903 predesse
782 2845 957 2901 possis
1011 2844 1058 2886 si
1114 2837 1337 2886 veneris.
1414 2837 1547 2886 vale.
1623 2835 1674 2883 d.
1733 2833 1866 2897 prid.

284 2919 472 2966 Neues
511 2918 843 2966 Novembres
882 2914 1180 2964 Brundisie.
