1956 3242
620 207 920 268 Excerpta
958 202 1175 254 Brevia
1614 218 1676 266 37

861 383 930 434 44

180 501 426 565 Sequitur
459 501 648 550 bellum
685 501 1045 557 Tarentinum,
1083 508 1246 547 unum
1281 497 1492 561 quidem
1527 497 1682 545 titulo

112 586 164 627 et
199 578 425 636 nemine,
468 578 561 626 sed
598 577 820 626 victeria
856 576 1143 638 multiplex.
1218 575 1318 623 hec
1353 573 1491 623 enim
1527 574 1682 622 Cam-

112 661 299 716 panos,
363 649 583 716 Epulas,
647 661 805 716 atque
869 653 1130 710 Lucanas,
1192 658 1260 709 et,
1323 658 1483 712 caput
1540 651 1676 708 belli,

111 732 443 789 Tarentines,
473 731 525 778 id
554 737 651 788 est,
682 737 852 778 totam
886 723 1107 787 Italiam,
1136 735 1189 776 et
1217 744 1336 777 cum
1370 728 1485 775 istis
1518 726 1682 775 omni-

113 809 210 855 bus
271 808 544 870 Pyrrhum,
607 806 955 854 clarissimum
1014 805 1264 854 Graeciae
1323 811 1520 867 regem,
1577 811 1718 851 una5

111 884 272 931 veluti
314 889 465 932 ruina
505 883 697 946 pariter
738 882 981 931 involvit:
1030 889 1089 930 ut
1130 882 1315 930 eedem
1355 888 1591 942 tempore
1631 886 1684 927 et

115 954 319 1008 ltaliam
378 967 788 1018 consummaret,
846 966 897 1007 et
955 964 1336 1007 transmarinas
1389 956 1682 1018 triumphes

113 1036 489 1098 auspicaretur.
575 1036 854 1094 Tarentus,
930 1034 1460 1084 Lacedaemoniorum
1526 1049 1678 1095 opus,

113 1112 387 1161 Calabriae
429 1112 711 1175 quondam,
752 1118 804 1160 et
839 1106 1075 1173 Apuliae,
1116 1117 1384 1172 tetiusque
1423 1109 1684 1158 Lucaniae

112 1196 288 1250 caput,
329 1204 446 1236 cum
485 1188 848 1251 magnitudine
884 1195 936 1236 et
972 1194 1135 1235 muris
1171 1194 1429 1249 portuque
1471 1185 1740 1244 nebilis,1o

113 1272 224 1313 tum
261 1265 511 1313 mirabilis
548 1265 668 1313 situ.
744 1264 937 1327 quippe
973 1264 1023 1312 in
1067 1264 1195 1326 ipsis
1231 1263 1484 1311 Adriatici
1525 1262 1684 1310 maris

111 1341 350 1390 faucibus
403 1341 593 1403 posita,
646 1341 697 1388 in
750 1347 934 1390 omnes
990 1348 1175 1398 terras,
1238 1339 1463 1398 Istriam,
1524 1338 1684 1401 Illyri-

110 1434 247 1474 cum,
314 1418 546 1480 Epirum,
610 1418 881 1476 Achaiam,
945 1411 1192 1474 Africam,
1258 1415 1505 1474 Siciliam,
1569 1415 1686 1463 vela

112 1494 344 1543 dimittit.
420 1494 654 1542 imminet
687 1500 861 1556 portui
891 1494 957 1541 ad
987 1500 1325 1556 prospectum
1356 1492 1515 1541 maris
1548 1492 1685 1554 posi—

111 1578 224 1619 tum
266 1571 437 1619 maius
478 1571 768 1620 theatrum:
812 1572 954 1634 quod
989 1571 1200 1633 quidem
1236 1586 1428 1619 causae
1465 1569 1685 1617 miserae
1701 1583 1741 1615 15

111 1647 310 1696 civitati
346 1647 444 1696 fuit
475 1648 708 1696 omnium
744 1648 1122 1696 calamitatum.
1199 1647 1353 1695 ludes
1388 1647 1521 1695 forte
1554 1647 1685 1694 cele-

113 1725 284 1782 brant,
324 1740 443 1772 cum
487 1724 904 1787 adremigantem
947 1725 1085 1772 litori
1124 1725 1419 1772 Remanam
1461 1725 1685 1772 classem

114 1800 231 1848 inde
272 1799 475 1849 vident:
525 1808 683 1864 atque
723 1802 929 1849 hostem
972 1807 1087 1860 rati,
1136 1801 1380 1858 emicant,
1428 1801 1539 1849 sine
1581 1800 1684 1847 dis-

114 1876 328 1925 crimine
353 1877 634 1925 insultant:
674 1881 686 1903 ‘
705 1878 810 1940 Qui
829 1878 984 1935 enim,
1009 1885 1100 1925 aut
1119 1878 1257 1926 unde
1285 1877 1564 1926 Remani?'
1591 1893 1686 1925 nec

114 1952 260 2001 satis.
337 1953 520 2001 aderat
567 1952 678 2001 sine
725 1962 875 2001 mora
920 1954 1185 2015 querelam
1233 1953 1405 2002 ferens
1458 1952 1744 2016 legatiezzo

115 2029 250 2077 hanc
285 2044 494 2092 quoque
530 2028 682 2077 foede
718 2045 809 2091 per
843 2031 1162 2078 obscoenam
1198 2036 1508 2092 turpemque
1543 2030 1685 2078 dictu

114 2105 488 2154 contumeliam
536 2105 750 2154 violant.
826 2106 945 2155 hinc
986 2107 1206 2155 bellum:
1258 2107 1350 2155 sed
1398 2114 1685 2168 apparatus

114 2181 389 2240 horribilis,
426 2198 545 2231 curn
581 2190 661 2230 tot
697 2182 850 2231 simul
887 2183 1066 2245 populi
1101 2190 1196 2245 pro
1231 2184 1528 2232 Tarentinis
1564 2191 1686 2232 cen-

114 2266 407 2322 surgerent,
466 2259 812 2321 omnibusque
871 2260 1229 2308 vehementior
1282 2261 1537 2322 Pyrrhus:
1596 2266 1687 2322 qui

114 2335 494 2398 semigraecam
547 2352 613 2384 ex
670 2336 1098 2385 Lacedaemoniis
1151 2336 1510 2385 conditeribus
1563 2336 1686 2384 civi·
1702 2353 1742 2384 25

115 2419 281 2459 tatem
316 2411 691 2470 vindicaturus,
733 2429 852 2460 cum
888 2419 1053 2461 tetius
1089 2413 1285 2461 viribus
1324 2414 1483 2475 Epiri,
1524 2413 1686 2461 Thes-

115 2487 293 2545 saliae,
346 2489 703 2546 Macedoniae,
745 2489 1132 2552 incegnitisque
1168 2490 1218 2537 in
1256 2489 1307 2537 id
1343 2497 1551 2551 tempus
1587 2490 1687 2538 ele-

115 2565 346 2625 phantis,
404 2571 551 2622 mari,
614 2573 770 2624 terra,
833 2567 973 2624 viris,
1038 2573 1202 2629 equis,
1266 2573 1442 2623 armis,
1506 2565 1688 2614 addite

117 2646 331 2702 insuper
354 2640 581 2689 ferarum
606 2649 821 2700 terrere,
851 2643 1108 2691 veniebat.
1185 2644 1324 2704 apud
1354 2643 1683 2700 Heracleam,

117 2725 170 2765 et
194 2717 517 2779 Campaniae
546 2718 760 2766 fluvium
794 2719 966 2777 Lirim,
1000 2721 1229 2768 Laevine
1257 2720 1489 2777 censule,
1520 2725 1688 2781 prima
1702 2732 1744 2767 30

116 2804 324 2857 pugna:
373 2810 507 2856 quae
542 2802 652 2842 tam
694 2802 849 2843 atrex
890 2796 1003 2854 fuit,
1051 2804 1109 2844 ut
1149 2797 1189 2843 F
1194 2804 1442 2844 rentanae
1483 2802 1687 2843 turmae

117 2870 414 2932 praefectus
457 2871 726 2929 Obsidius,
768 2871 1003 2921 invectus
1046 2873 1097 2920 in
1140 2881 1335 2936 regem,
1377 2872 1682 2930 turbaverit,

117 2947 471 3011 coegeritque,
518 2947 763 3009 proiectis
809 2950 1121 3012 insignibus,
1168 2950 1367 3012 proelio
1414 2949 1659 3005 excedere
