1956 3242
642 214 941 277 Excerpta
980 214 1196 264 Brevia
1635 230 1694 280 71

884 390 946 439 61

197 511 266 559 At
298 519 346 560 ei
377 519 466 575 qui
499 512 704 561 Alesiae
736 511 1128 571 obsidebantur,
1163 513 1447 575 praeterita
1477 511 1560 562 dia
1593 522 1700 576 qua

132 588 324 636 auxilia
383 596 598 637 suorum
660 596 1110 651 exspectaverant,
1174 597 1491 652 consumpto
1555 597 1698 638 omni

130 665 408 723 frumento,
455 666 605 714 inscii
645 666 770 729 quid
815 666 867 714 in
908 667 1104 715 Aeduis
1145 674 1431 730 gereretur,
1479 667 1700 715 concilio

129 749 318 790 coacto
365 743 431 790 do
478 742 620 791 exitu
668 751 882 791 suarum
931 743 1258 791 fortunarum
1305 744 1692 792 consultabant.

129 835 191 867 ac
223 819 382 867 variis
419 819 572 868 dictis
609 820 899 878 sententiis,
937 828 1159 883 quarum
1195 836 1318 882 pars
1355 820 1736 879 deditionem,5

130 912 268 958 pars,
310 897 435 944 dum
478 903 615 945 viros
657 904 1011 959 suppeterent,
1053 897 1380 959 eruptionem
1423 899 1691 956 censebat,

129 981 233 1021 non
274 974 655 1035 praetereunda
692 974 866 1023 oratio
906 973 1207 1036 Critognati
1241 973 1448 1021 videtur
1485 982 1698 1036 propter

128 1049 240 1096 eius
299 1049 620 1112 singularem
679 1057 731 1098 et
790 1050 1040 1099 nefariam
1099 1050 1476 1098 crudelitatem.
1593 1050 1692 1108 hic,

128 1133 336 1174 summo
383 1126 434 1174 in
475 1127 722 1175 Arvernis
765 1134 911 1175 ortus
959 1127 1076 1175 loco
1117 1134 1169 1174 et
1211 1135 1438 1189 magnae
1486 1126 1697 1174 habitus

127 1202 476 1262 auctoritatis,
511 1207 524 1229 ‘
544 1203 722 1261 Nihil,'
748 1203 930 1265 inquit,
966 1203 1061 1251 ‘de
1092 1210 1271 1251 eorum
1303 1202 1564 1250 sententia
1591 1202 1696 1251 dic·
1713 1218 1755 1250 10

126 1285 277 1328 turus
325 1295 459 1338 sum,
511 1286 602 1341 qui
655 1279 1012 1341 turpissimam
1062 1279 1367 1327 servitutem
1415 1279 1697 1327 deditionis

117 1355 338 1404 ‘nomine
375 1356 655 1418 appellant,
697 1372 864 1419 neque
903 1356 1000 1403 hos
1040 1356 1311 1404 habendos
1350 1355 1540 1404 civium
1580 1356 1697 1405 loco

126 1448 293 1494 neque
339 1433 407 1481 ad
454 1431 730 1481 concilium
773 1432 1099 1480 adhibendos
1141 1439 1351 1481 conseo.
1446 1448 1566 1480 cum
1615 1433 1695 1481 his

126 1509 250 1556 mihi
300 1516 382 1558 ros
430 1508 500 1557 sit
546 1516 635 1572 qui
682 1509 1009 1571 eruptionem
1058 1511 1284 1570 probant
1298 1524 1310 1566 ;
1372 1516 1595 1571 quorum
1644 1509 1694 1556 in

125 1585 344 1634 concilio
373 1586 605 1634 omnium
631 1593 864 1634 vestrum
889 1593 1154 1635 consensu
1184 1585 1437 1647 pristinae
1468 1585 1694 1634 residare
1711 1603 1751 1635 15

124 1661 333 1710 virtutis
376 1662 628 1711 memoria
669 1662 891 1710 videtur.
984 1662 1145 1709 animi
1186 1669 1268 1710 est
1310 1661 1414 1710 ista
1454 1662 1689 1720 mollitia,

124 1746 229 1787 non
262 1739 445 1798 virtus,
484 1739 748 1801 paulisper
783 1738 1013 1801 inopiam
1047 1738 1180 1787 ferre
1216 1746 1320 1787 non
1358 1754 1530 1801 posse.
1606 1745 1696 1801 qui

125 1822 182 1863 so
214 1815 353 1863 ultro
385 1822 541 1863 morti
573 1815 795 1863 offerant
828 1815 1031 1863 facilius
1065 1815 1393 1876 reperiuntur
1417 1831 1575 1878 quam
1606 1821 1695 1877 qui

124 1891 358 1940 dolorem
400 1891 658 1953 patienter
698 1892 882 1939 ferant.
966 1899 1124 1954 atque
1165 1908 1268 1955 ego
1311 1892 1446 1939 hanc
1488 1899 1694 1939 senten-

123 1968 341 2016 tentiam
367 1969 644 2029 probarem
671 1966 898 2030 (tantum
928 1969 1067 2029 apud
1102 1975 1185 2016 me
1211 1968 1443 2031 dignitas
1473 1966 1688 2030 potest),
1710 1984 1751 2016 20

124 2051 169 2092 si
209 2045 405 2093 nullam
446 2051 811 2106 praeterquam
851 2051 991 2092 vitae
1033 2051 1245 2093 nostrae
1287 2045 1541 2093 iacturam
1584 2046 1694 2092 fieri

123 2120 382 2178 viderem3
432 2120 525 2169 sed
568 2120 618 2167 in
657 2120 880 2168 consilio
922 2120 1179 2183 capiendo
1222 2137 1430 2169 omnem
1470 2121 1693 2168 Galliam

124 2197 482 2259 respiciamus,
529 2213 687 2259 quam
729 2197 796 2244 ad
838 2205 1078 2245 nostrum
1121 2197 1370 2245 auxilium
1412 2197 1693 2246 concitavi-

123 2291 256 2323 mus.
339 2274 463 2337 quid
500 2273 768 2322 hominum
806 2274 1016 2322 milibus
1052 2288 1205 2321 Lxxx
1241 2282 1346 2322 sino
1382 2275 1500 2323 loco
1537 2274 1692 2323 inter-

122 2352 271 2400 fectis
301 2350 607 2413 propinquis
632 2351 1146 2413 consanguineisque
1172 2358 1366 2399 nostris
1392 2351 1553 2399 animi
1582 2351 1691 2400 fore
1708 2369 1748 2400 25

122 2427 453 2485 existimatis,
506 2433 552 2475 si
605 2443 770 2489 paene
826 2427 876 2474 in
925 2427 1053 2489 ipsis
1102 2428 1445 2476 cadaveribus
1492 2428 1691 2490 proelio

122 2505 389 2552 decertare
429 2505 719 2567 cogentur?
802 2505 963 2553 nolite
1007 2505 1106 2552 hos
1148 2512 1326 2553 vestro
1369 2505 1564 2553 auxilio
1605 2522 1692 2553 ex-

123 2580 364 2642 spoliare,
405 2587 495 2643 qui
530 2587 736 2628 vestrae
777 2581 963 2628 salutis
1006 2590 1171 2630 causa
1212 2598 1364 2629 suum
1403 2582 1690 2644 periculum

123 2658 487 2720 neglexerunt,
535 2674 630 2706 nec
676 2657 901 2705 stultitia
942 2674 1004 2706 ac
1045 2658 1338 2706 temeritate
1379 2666 1558 2706 vestra
1599 2667 1691 2706 aut

122 2734 282 2782 animi
329 2733 683 2782 imbecillitate
731 2750 939 2782 omnem
987 2735 1210 2782 Galliam
1259 2742 1590 2797 prosternere
1638 2743 1689 2783 et
1705 2750 1748 2783 so

122 2818 404 2874 perpetuae
434 2810 674 2859 servituti
703 2811 952 2860 subicere.
1030 2828 1114 2870 an,
1145 2813 1285 2874 quod
1318 2813 1384 2860 ad
1419 2813 1555 2879 diem
1586 2820 1690 2860 non

121 2896 393 2946 venerunt,
447 2889 512 2936 de
568 2895 748 2936 eorum
797 2889 898 2937 fide
953 2889 1357 2951 constantiaque
1404 2889 1690 2938 dubitatis?

121 2966 246 3028 quid
279 2966 442 3029 ergo?
514 2966 786 3014 Romanos
819 2965 870 3013 in
902 2966 1001 3013 illis
1031 2967 1363 3015 ulterioribus
1394 2966 1690 3015 munItioni-
