1956 3242
297 202 364 247 66
817 201 1120 263 Excerpta
1161 201 1380 251 Brevia

368 343 534 391 Erant
582 343 633 391 in
677 352 741 392 ea
789 343 1001 406 legione
1049 344 1325 393 fortissimi
1372 346 1484 405 viri,
1532 347 1887 407 centuriones,

298 428 389 484 qui
419 428 601 484 primis
631 422 904 470 Ordinibus
936 423 1441 486 appropinquarent,
1471 424 1624 473 Titus
1656 426 1807 476 Pullo
1840 434 1892 476 et

220 513 283 545 110
302 498 494 548 Lucius
522 501 783 548 Vorenus.
862 501 916 547 hi
940 509 1225 563 perpetuas
1256 501 1391 550 inter
1416 510 1474 550 se
1499 505 1891 553 controversias

298 579 583 637 habebant,
614 584 831 641 quinam
862 579 1230 638 anteferretur,
1262 581 1612 644 omnibusque
1643 590 1796 631 annis
1826 585 1892 632 de

296 657 426 704 locis
486 663 709 704 summis
770 657 1130 706 simultatibus
1189 660 1598 708 contendebant.
1686 677 1752 708 ex
1811 662 1891 709 his

297 735 465 793 Pullo,
491 751 611 782 cum
632 735 886 783 acerrime
906 736 974 783 ad
996 737 1319 785 munitiones
1340 745 1687 801 pugnaretur,
1718 742 1729 765 ‘
1749 739 1891 801 Quid

296 812 550 872 dubitas,'
578 812 765 876 inquit,
802 814 1071 862 ‘Vorene?
1142 822 1235 863 aut
1260 832 1419 878 quem
1445 816 1618 864 locum
1645 824 1769 865 tuae
1795 833 1891 879 pro

219 905 279 935 115
296 891 452 938 laude
493 890 706 939 virtutis
749 893 1067 954 exspectas?
1144 894 1228 942 hic
1264 894 1378 942 dies
1420 895 1487 943 de
1529 901 1725 943 nostris
1767 911 1890 943 con-

295 969 567 1017 troversiis
629 969 920 1018 iudicabit.'
999 971 1130 1019 haec
1182 987 1303 1019 cum
1356 971 1597 1031 dixisset,
1653 973 1891 1034 procedit

295 1054 447 1094 extra
494 1047 834 1107 munitiones,
882 1064 1125 1112 quaeque
1166 1065 1291 1111 pars
1334 1050 1568 1098 hostium
1615 1049 1892 1099 confertis-

296 1124 431 1173 sima
473 1132 556 1173 est
598 1132 731 1185 visa,
779 1126 1037 1189 irrumpit.
1115 1134 1180 1175 ne
1223 1128 1470 1176 Vorenus
1514 1127 1727 1191 quidem
1771 1135 1890 1177 sese

295 1203 437 1250 vallo
479 1203 732 1263 continet,
781 1205 874 1252 sed
917 1204 1152 1253 omnium
1201 1205 1400 1254 veritus
1443 1206 1889 1255 existimationem

219 1295 280 1327 120
297 1281 654 1344 subsequitur.
730 1289 843 1330 tum
866 1282 1118 1331 mediocri
1143 1283 1320 1346 spatio
1347 1283 1529 1332 relicto
1556 1285 1707 1332 Pullo
1727 1285 1889 1347 pilum

295 1359 346 1406 in
384 1359 572 1408 hostes
610 1360 846 1408 immittit
883 1367 1043 1423 atque
1086 1371 1248 1409 unum
1292 1378 1357 1409 ex
1400 1361 1735 1409 multitudine
1772 1369 1890 1424 pro-

293 1443 591 1485 currentem
626 1437 829 1495 traicit;
867 1445 975 1500 quo
1013 1445 1268 1500 percusso
1305 1446 1357 1486 et
1394 1438 1714 1497 exanimato,
1750 1440 1890 1488 hunc

294 1520 460 1562 scutis
502 1522 810 1579 protegunt,
853 1515 904 1562 in
948 1516 1157 1565 hostem
1199 1516 1307 1564 tela
1349 1516 1582 1564 universi
1623 1516 1890 1565 coniciunt

293 1609 464 1656 neque
489 1594 619 1642 dant
646 1593 978 1656 regrediendi
1003 1594 1328 1642 facultatem.
1404 1594 1748 1658 transfigitur
1773 1606 1890 1643 scu-

218 1686 278 1717 125
294 1678 408 1719 tum
443 1672 652 1719 Pulloni
684 1679 736 1720 et
777 1679 1020 1720 verutum
1052 1672 1102 1719 in
1134 1673 1312 1721 balteo
1345 1672 1621 1735 defigitur.
1698 1673 1889 1722 avertit

293 1750 376 1797 hic
405 1757 563 1798 casus
596 1756 866 1813 vaginam,
901 1757 954 1798 et
987 1750 1227 1813 gladium
1260 1751 1483 1799 educere
1516 1757 1732 1799 conanti
1765 1752 1889 1799 dex-

292 1834 430 1875 tram
465 1836 703 1876 moratur
736 1845 970 1886 manum,
1005 1828 1422 1892 impedItumque
1453 1829 1640 1877 hostes
1670 1829 1890 1878 circum—

294 1906 506 1954 sistunt.
585 1906 843 1955 succurrit
877 1906 1120 1956 inimicus
1152 1907 1225 1954 illi
1257 1907 1506 1956 Vorenus
1540 1915 1592 1956 et
1625 1908 1891 1956 laboranti

294 1984 555 2033 subvenit.
633 1985 700 2033 ad
744 1985 884 2033 hunc
932 1992 990 2034 se
1039 1984 1321 2033 confestim
1369 1993 1402 2033 a
1451 1986 1669 2034 Pullone
1717 1985 1889 2035 omnis

218 2077 279 2109 130
295 2063 580 2111 multitudo
621 2062 908 2121 convertit;
959 2063 1105 2111 illum
1153 2070 1343 2112 veruto
1385 2063 1708 2112 arbitrantur
1755 2070 1890 2112 occi-

294 2157 428 2188 sum.
505 2141 689 2204 gladio
736 2140 1033 2189 comminus
1083 2157 1192 2189 rem
1240 2140 1380 2204 gerit
1433 2142 1680 2190 Vorenus
1729 2149 1890 2205 atque

294 2225 401 2267 uno
434 2218 713 2267 interfecto
750 2217 983 2281 reliquos
1019 2219 1236 2280 paulurn
1271 2218 1543 2281 propellit;
1583 2219 1709 2266 dum
1745 2219 1888 2281 cupi-

293 2297 412 2344 dius
460 2303 642 2356 instat,
696 2296 747 2344 in
796 2297 971 2345 locum
1020 2297 1230 2345 delatus
1283 2297 1584 2345 Inferiorem
1637 2297 1883 2346 concidit.

294 2374 415 2421 huic
450 2385 633 2422 rursus
666 2374 1027 2423 circumvento
1060 2374 1161 2423 fert
1196 2374 1491 2423 subsidium
1523 2375 1691 2434 Pullo,
1729 2382 1889 2438 atque

219 2469 278 2500 135
295 2453 454 2499 ambo
484 2451 775 2501 incolumes
809 2452 1169 2514 compluribus
1202 2452 1491 2501 interfectis
1526 2461 1735 2501 summa
1768 2469 1888 2501 cum

295 2530 450 2577 laude
477 2537 595 2578 sese
622 2530 762 2579 intra
791 2530 1111 2579 munitiones
1143 2530 1415 2593 recipiunt.
1493 2537 1569 2579 sic
1598 2531 1813 2580 fortuna
1837 2531 1889 2579 in

294 2607 633 2655 contentione
663 2615 715 2655 et
748 2607 1037 2656 certamine
1067 2615 1353 2671 utrumque
1382 2608 1632 2667 versavit,
1668 2616 1727 2656 ut
1756 2609 1889 2657 alter

295 2686 447 2735 alteri
494 2685 736 2734 inimicus
785 2687 983 2735 auxilio
1026 2687 1290 2750 salutique
1339 2695 1498 2746 esset,
1546 2703 1716 2750 neque
1757 2687 1888 2735 diiu-

294 2764 460 2812 dicari
485 2772 685 2827 posset,
710 2772 827 2813 uter
851 2771 957 2813 utri
981 2764 1176 2813 virtute
1201 2764 1574 2813 anteferendus
1600 2764 1881 2813 videretur.

220 2864 280 2896 140
364 2843 583 2905 Quanto
625 2850 738 2890 erat
786 2843 837 2889 in
885 2843 999 2891 dies
1041 2843 1258 2906 gravior
1305 2851 1466 2906 atque
1514 2842 1750 2905 asperior
1796 2858 1888 2905 op-

297 2920 574 2984 pugnatio,
628 2928 680 2968 et
729 2921 976 2980 maxime,
1029 2923 1170 2984 quod
1220 2929 1421 2984 magna
1467 2928 1616 2984 parte
1664 2920 1888 2968 militum

296 3000 542 3049 confecta
590 2999 892 3049 volneribus
936 3007 1020 3050 res
1068 3001 1136 3049 ad
1178 3001 1501 3064 paucitatem
1545 2999 1887 3048 defensorum
