1956 3242
212 1237 255 1270 10

213 1629 253 1661 1⁵

213 2790 254 2822 10

789 205 1093 269 Excerpta
1132 205 1353 257 Brevia

1052 387 1084 438 7

474 510 698 575 Lugete,
738 517 773 559 ὀ
808 510 1045 559 Veneres
1081 509 1476 574 cupidinesque.

472 605 660 651 passer
697 596 939 637 mortuus
977 595 1059 636 est
1096 604 1246 636 meae
1281 589 1504 651 puellae,

472 682 659 730 passer
694 666 913 715 deliciae
950 681 1099 714 meae
1134 666 1357 728 puellae,

471 761 628 808 quem
667 746 787 807 plus
825 744 913 792 illa
948 744 1116 793 oculis
1153 750 1264 792 suis
1301 745 1545 792 amabat:

472 839 596 870 narn
635 823 865 871 mellitus
902 829 1016 871 erat
1053 838 1312 885 suamque
1349 829 1507 871 norat

473 900 591 963 ipsa
628 908 739 948 tam
777 902 911 949 bene
947 916 1107 963 quam
1146 901 1321 963 puella
1357 907 1598 949 matrem.

474 994 570 1027 nec
607 985 729 1027 sese
767 986 800 1026 ἐι
837 978 1045 1042 gremie
1082 977 1219 1026 illius
1258 979 1526 1036 movebat,

472 1056 566 1105 sed
603 1055 985 1105 circumsiliens
1023 1057 1184 1105 modo
1220 1056 1323 1104 huc
1359 1056 1521 1105 modo
1558 1055 1678 1105 illuc

471 1135 539 1183 ad
577 1135 748 1183 solam
787 1134 1056 1182 dominam
1095 1146 1264 1197 usque
1301 1133 1575 1196 pipilebat.

471 1219 563 1276 qui
600 1229 739 1261 nunc
777 1212 816 1260 it
853 1228 945 1274 per
982 1212 1080 1260 iter
1115 1211 1508 1260 tenebricosum

472 1290 611 1349 illuc,
653 1291 792 1338 unde
829 1299 1030 1353 negant
1068 1291 1237 1338 redire
1273 1306 1611 1353 quemquam.

472 1376 529 1417 at
565 1368 721 1417 vobis
759 1368 896 1416 male
934 1368 1019 1427 sit,
1063 1368 1233 1416 malae
1271 1368 1521 1415 tenebrae

472 1447 617 1506 Orci,
658 1462 794 1509 quae
832 1445 1011 1494 omnia
1047 1446 1184 1493 bella
1220 1445 1522 1493 devoretis:

471 1531 583 1572 tam
620 1524 813 1573 bellum
854 1523 979 1570 mihi
1018 1540 1287 1586 passerem
1327 1522 1641 1572 abstulistis.

472 1609 506 1651 ὀ
543 1602 743 1651 factum
782 1602 943 1650 male!
984 1601 1036 1650 io
1074 1601 1274 1650 miselle
1310 1602 1522 1664 passer!

470 1687 566 1729 tua
602 1697 742 1729 nunc
778 1688 942 1743 opere
978 1696 1126 1728 meae
1165 1679 1370 1742 puellae

471 1758 648 1807 flendo
685 1757 942 1822 turgiduli
979 1759 1168 1807 rubent
1205 1757 1371 1806 ocelli.

1049 1938 1081 1988 8

473 2061 531 2110 Si
564 2066 646 2111 vis
683 2060 900 2110 auribus
938 2060 1129 2109 Atticis
1166 2060 1398 2123 proberi,

470 2139 723 2188 exhortor
759 2145 1056 2202 moneoque
1092 2145 1163 2196 te,
1205 2138 1393 2197 libelle,

469 2224 529 2264 ut
565 2217 726 2265 docto
762 2217 976 2278 placeas
1013 2215 1321 2278 Apollinari.

470 2293 539 2341 nil
577 2292 817 2342 exactius
854 2292 1219 2355 eruditiusque
1255 2299 1354 2349 est,

470 2371 564 2418 sed
602 2387 698 2419 nec
734 2370 1011 2418 candidius
1048 2368 1464 2432 benigniusque:

470 2454 517 2496 si
551 2455 607 2496 te
645 2455 874 2511 pectore,
918 2453 964 2495 si
999 2446 1203 2495 tenebit
1240 2452 1349 2504 ore,

471 2542 567 2574 nec
604 2526 831 2574 rhoncos
869 2532 1073 2573 metues
1111 2523 1504 2587 malignierum,

471 2619 567 2652 nec
604 2604 863 2651 scombris
899 2602 1106 2650 tunicas
1143 2601 1296 2650 dabis
1335 2601 1604 2649 molestas.

472 2686 518 2728 si
553 2680 901 2738 damnaverit,
943 2680 1010 2727 ad
1049 2679 1363 2727 salariorum

471 2766 653 2806 curres
691 2757 882 2806 scrinia
918 2756 1160 2819 pretinus
1198 2755 1394 2815 licebit,

472 2836 681 2884 inverse
716 2841 892 2898 pueris
930 2834 1126 2882 arande
1162 2834 1362 2882 charte.
