1956 3242
257 754 299 789 10

252 1892 294 1924 10

251 2281 292 2315 15

838 203 1141 267 Excerpta
1180 204 1399 256 Brevia

521 352 574 394 et
610 352 776 394 stanti
811 346 946 410 legis
984 354 1036 395 et
1073 347 1208 410 legis
1245 347 1466 397 sedenti.

520 423 571 472 in
609 424 845 472 thermas
883 424 1060 488 fugi63
1101 434 1261 474 sonas
1299 426 1366 474 ad
1403 442 1601 476 aurem.

518 500 777 564 piscinam
815 509 965 565 peto:
1004 510 1110 550 non
1149 502 1269 551 licet
1306 510 1507 552 natare.

518 579 586 627 ad
623 587 809 628 cenam
847 587 1101 642 propero:
1140 587 1290 629 tenes
1328 589 1556 630 euntem.

518 657 586 707 ad
622 664 809 706 cenam
846 657 1031 706 venie:
1069 658 1229 721 fugas
1266 659 1554 708 sedentem.

518 735 693 784 lassus
730 735 962 784 dormio:
1001 735 1231 784 suscitas
1269 736 1543 786 iacentem.

515 818 614 872 vis,
656 821 915 875 quantum
952 813 1119 862 facias
1157 815 1297 873 mali,
1339 815 1553 864 videre?

515 890 595 940 vir
630 890 820 951 iustus,
862 893 1077 955 probus,
1119 892 1372 942 innocens
1409 893 1626 943 timeriS.

1089 1043 1126 1094 4

516 1169 635 1218 Issa
669 1176 752 1218 est
788 1186 1004 1233 passere
1041 1170 1263 1234 nequior
1298 1170 1512 1232 Catulli,

515 1248 634 1296 Issa
669 1255 751 1296 est
788 1249 967 1310 purior
1003 1250 1192 1298 esculo
1229 1249 1523 1309 columbae,

516 1326 634 1375 Issa
669 1334 752 1377 est
788 1327 1030 1375 blandior
1066 1327 1313 1376 omnibus
1350 1328 1556 1390 puellis,

515 1404 633 1452 Issa
669 1411 751 1452 est
787 1404 959 1453 carior
998 1405 1193 1454 Indicis
1229 1405 1436 1467 lapillis.

515 1481 632 1529 Issa
668 1489 751 1530 est
786 1482 1009 1531 deliciae
1045 1483 1236 1531 catella
1273 1483 1442 1530 Publi.

512 1559 648 1607 hanc
684 1567 761 1619 tu,
804 1566 849 1607 si
884 1560 1137 1623 queritur,
1178 1561 1324 1623 loqui
1359 1560 1600 1623 putabi53

511 1637 674 1686 sentit
710 1638 1087 1701 tristitiamque
1123 1638 1504 1702 gaudiumque.

511 1716 651 1764 collo
688 1722 814 1764 nixa
850 1718 1011 1765 cubat
1047 1716 1295 1780 capitque
1332 1724 1570 1775 somn6S‚

510 1801 569 1841 ut
607 1794 838 1856 suspiria
874 1794 1019 1842 nulla
1054 1795 1367 1843 sentiantur.

511 1870 648 1919 hanc
685 1878 751 1919 ne
788 1873 879 1920 lux
916 1872 1087 1934 rapiat
1124 1879 1377 1935 suprema
1412 1880 1599 1932 tetam,

511 1948 655 2010 picta
692 1949 910 1997 Publius
947 1950 1194 2012 exprimit
1229 1951 1443 2010 tabella,

511 2025 562 2073 in
600 2034 707 2090 qua
741 2035 852 2075 tam
890 2027 1115 2076 similem
1151 2027 1359 2077 videbis
1400 2029 1589 2089 Issam,

509 2112 568 2152 ut
594 2104 663 2152 sit
700 2112 811 2153 tarn
849 2105 1035 2154 similis
1074 2105 1173 2154 sibi
1209 2122 1306 2155 nec
1342 2105 1474 2169 ipsa.

513 2183 684 2230 Issam
722 2183 948 2246 denique
985 2191 1125 2247 pene
1161 2200 1282 2232 cum
1318 2185 1542 2233 tabella:

510 2267 603 2307 aut
640 2268 921 2323 utramque
957 2262 1172 2323 putabis
1209 2277 1328 2309 esse
1365 2269 1563 2319 veram,

509 2344 603 2385 aut
639 2344 920 2401 utramque
955 2338 1171 2401 putabis
1208 2354 1326 2387 esse
1362 2338 1575 2400 pictam.

1087 2488 1118 2539 5

511 2611 717 2661 Baiano
754 2612 936 2675 procul
974 2620 1007 2661 a
1043 2612 1161 2662 lacu
1199 2620 1495 2672 monemuS,

508 2690 744 2752 piscator
780 2690 906 2753 fuge
943 2697 1010 2739 ne
1046 2698 1244 2739 nocens
1282 2692 1516 2740 recedas.

510 2774 675 2816 sacris
712 2767 946 2830 piscibus
983 2768 1084 2816 hae
1120 2776 1373 2817 natantur
1409 2770 1600 2827 undae,

507 2852 599 2909 qui
635 2852 830 2894 nerunt
866 2845 1139 2894 dominum
1177 2862 1497 2909 manumque
1534 2847 1773 2897 lambunt

508 2923 668 2982 illam,
709 2932 816 2986 qua
854 2923 978 2971 nihil
1017 2931 1098 2972 est
1135 2924 1186 2971 in
1224 2926 1350 2973 orbe
1387 2924 1575 2973 maius.

507 3001 632 3064 quid
670 3002 812 3064 quod
850 3009 1042 3050 nemen
1081 3002 1277 3049 habent
1313 3010 1365 3050 et
1402 3002 1470 3050 ad
1508 3001 1754 3065 magistri
