1956 3242
283 226 343 275 14
795 209 1100 273 Excerpta
1140 208 1360 260 Brevia

276 346 457 402 statim
489 359 826 413 emissurum,
857 364 1026 417 usque
1059 360 1125 402 eo
1160 353 1391 413 retinuit,
1429 355 1607 417 quoad
1640 355 1870 405 renunti-

275 438 423 480 atum
472 438 554 480 est
608 431 798 480 vicisse
853 431 1122 480 Boeotios.
1199 432 1250 480 id
1305 440 1591 496 postquam
1645 434 1864 493 audivit,

280 509 477 557 ‘Satis'
529 509 699 572 inquit
751 513 916 557 ‘vixit
967 509 1195 558 invictus
1246 510 1384 558 enim
1438 511 1678 560 morior’.
1754 520 1869 560 tum

219 606 260 639 10
275 587 415 636 ferre
451 594 692 636 extracto
727 587 1012 636 confestim
1050 587 1385 636 exanimatus
1422 596 1520 637 est.

1039 767 1105 818 28

341 890 413 938 At
447 892 676 950 barbari,
715 890 938 940 consilio
977 891 1341 940 Romanorum
1374 891 1616 955 cognito,
1655 900 1869 942 nostros

274 968 501 1017 navibus
533 970 716 1032 egredi
746 969 1115 1032 prohibebant.
1192 977 1352 1032 atque
1386 977 1584 1019 nostris
1614 971 1869 1020 militibus

274 1047 666 1104 cunctantibus,
698 1047 930 1096 maxime
962 1055 1177 1110 propter
1207 1048 1540 1097 altitudinem
1571 1050 1749 1109 maris,
1779 1056 1870 1113 qui

274 1125 510 1174 decimae
536 1125 762 1189 legionis
793 1125 1024 1189 aquilam
1051 1125 1273 1185 ferebat,
1303 1127 1780 1185 obtestatusdeos,
1811 1135 1871 1176 ut

238 1220 337 1253 sea
386 1211 470 1252 res
519 1199 985 1269 legioni‘feliciter
1032 1210 1283 1262 eveniret,
1337 1204 1630 1263 ‘Desilite,'
1680 1204 1865 1268 inquit,

279 1282 521 1341 ‘milites,
566 1282 667 1330 nisi
709 1282 868 1330 voltis
911 1281 1143 1344 aquilam
1186 1281 1430 1330 hostibus
1473 1283 1722 1344 prodere:
1766 1298 1870 1345 ego

273 1367 415 1409 certe
465 1376 640 1408 meum
685 1366 759 1408 rei
799 1359 1042 1423 publicae
1084 1366 1244 1423 atque
1293 1359 1599 1422 imperatori
1641 1360 1868 1423 officium

273 1437 629 1501 praestitero'.
707 1438 808 1486 hoc
850 1454 971 1487 cum
1015 1446 1217 1501 magna
1258 1444 1390 1485 voce
1427 1437 1666 1495 dixisset,
1709 1444 1767 1486 se
1803 1453 1870 1486 ex

274 1522 399 1564 navi
436 1516 656 1579 proiecit
693 1524 853 1579 atque
896 1516 947 1564 in
992 1517 1179 1565 hostes
1223 1516 1454 1579 aquilam
1497 1516 1630 1564 ferre
1672 1515 1864 1578 coepit.

217 1602 387 1646 1otum
432 1586 601 1643 nostri
648 1595 914 1643 cohortati
961 1594 1096 1643 inter
1143 1601 1218 1653 se,
1267 1602 1332 1643 ne
1380 1601 1588 1642 tantum
1637 1595 1869 1643 dedecus

274 1674 660 1732 admitteretur,
720 1673 954 1721 universi
1011 1689 1077 1721 ex
1110 1678 1254 1722 ‘navi
1313 1672 1658 1731 desiluerunt,
1711 1679 1763 1721 et
1817 1672 1867 1720 in

274 1752 459 1801 hostes
496 1751 751 1814 impetum
790 1752 1043 1800 fecerunt.

1038 1929 1105 1981 29

490 2052 548 2100 C.
594 2053 818 2100 PLiNms
857 2051 1180 2100 CALPURmo
1219 2052 1423 2100 MACRo
1460 2058 1566 2101 suo
1604 2067 1647 2100 S.

343 2185 486 2232 Bene
519 2191 602 2232 est
635 2184 779 2242 mihi,
818 2184 943 2246 quia
976 2183 1070 2231 tibi
1104 2186 1237 2232 bene
1273 2191 1371 2231 est.
1449 2185 1614 2232 habes
1649 2191 1865 2232 uxorem

274 2269 469 2322 tecum,
494 2263 660 2311 habes
686 2262 886 2319 filium;
926 2262 1113 2310 frueris
1139 2269 1288 2320 mari,
1314 2261 1565 2319 fontibus,
1592 2261 1862 2320 viridibus,

275 2348 429 2404 agro,
477 2341 604 2389 villa
651 2339 1043 2388 amoenissima.
1122 2355 1291 2401 neque
1334 2338 1473 2386 enim
1516 2339 1703 2386 dubito
1750 2355 1868 2387 esse

275 2418 725 2475 amoenissimam,
756 2417 808 2465 in
839 2425 946 2479 qua
975 2424 1033 2465 se
1066 2424 1441 2478 composuerat
1475 2417 1634 2464 homo
1668 2416 1868 2465 felicior

242 2503 399 2558 fiante
425 2511 584 2558 quam
612 2495 952 2543 felicissimus
973 2494 1136 2542 fieret.
1213 2510 1317 2557 ego
1337 2494 1388 2541 in
1408 2494 1598 2542 Tuscis
1624 2501 1675 2541 et
1701 2501 1868 2543 venor
1924 2553 1927 2557 ἃ

274 2580 327 2622 et
376 2574 586 2631 studeo,
639 2590 775 2636 quae
824 2573 1086 2621 interdurn
1136 2573 1352 2620 alternis
1401 2571 1662 2619 interdum
1711 2571 1866 2620 simul

275 2649 429 2707 facio,
473 2666 568 2697 nec
610 2658 788 2698 tamen
831 2650 1005 2698 adhuc
1047 2665 1266 2712 possum
1310 2649 1652 2711 pronuntiare
1688 2655 1865 2698 utrum

277 2727 344 2775 sit
370 2726 633 2775 difficilius
658 2743 846 2790 capere
872 2725 1069 2791 aliquid
1094 2743 1162 2776 an
1189 2729 1431 2775 scribere.
1508 2727 1641 2775 vale.
