1956 3242
607 163 906 250 Excerpta
946 185 1162 237 Brevia
1604 209 1628 239 2
1640 209 1658 240 1

100 336 211 376 erat
243 330 488 391 squalere
517 329 697 388 vestis,
727 330 928 378 foedior
960 329 1193 392 corporis
1227 329 1435 379 habitus
1468 332 1665 392 pallere

99 421 161 453 ac
189 405 356 453 macie
384 412 667 468 perempti;
704 407 771 454 ad
800 407 899 455 hec
928 412 1191 469 promissa
1219 408 1384 454 barba
1412 415 1464 455 et
1492 408 1664 469 capilli

99 481 447 529 efferaverunt
494 483 719 544 speciem
762 483 885 531 oris.
978 483 1342 532 noscitabatur
1387 491 1563 532 tamen
1612 484 1663 532 in

99 565 249 605 tanta
272 558 624 616 deformitate,
655 566 706 607 et
731 560 942 607 ordines
967 560 1181 608 duxisse
1207 559 1434 619 aiebant,
1459 561 1665 623 aliaque

99 634 312 682 militiae
337 635 528 683 decora
552 636 713 698 volge
743 636 1051 684 miserantes
1076 653 1195 684 eum
1221 636 1515 694 iactabant;
1553 638 1665 699 ipse
1680 651 1720 682 15

99 717 262 758 testes
296 711 636 759 honestarum
670 712 869 774 aliquot
902 713 1030 761 locis
1064 722 1363 775 pugnarum
1395 713 1665 762 cicatrices

99 787 322 836 adverso
347 795 558 849 pectore
584 791 901 837 ostentabat.
978 790 1385 848 sciscitantibus,
1415 792 1553 839 unde
1583 791 1666 839 ille

99 863 325 922 habitus,
351 865 488 913 unde
512 865 838 923 deformitas,
863 881 982 914 cum
1007 866 1322 914 circumfusa
1347 869 1502 915 turba
1525 874 1666 916 esset

99 955 260 1002 prope
294 940 345 988 in
378 941 638 989 contienis
671 943 902 1000 modum,
942 943 1139 991 Sabino
1171 943 1308 991 bello
1340 943 1414 991 ait
1447 951 1504 992 se
1537 943 1667 991 mili-

98 1024 314 1075 tantem,
361 1017 484 1079 quia
525 1027 736 1079 propter
777 1019 1148 1080 populationes
1190 1026 1306 1082 agri
1348 1026 1451 1067 non
1495 1020 1722 1068 frfictuzo

99 1095 256 1142 modo
281 1094 521 1151 caruerit,
546 1095 638 1142 sed
661 1096 786 1142 villa
809 1095 1022 1143 incensa
1046 1096 1217 1153 fuerit,
1242 1097 1446 1158 direpta
1469 1097 1660 1154 omnia,

98 1186 289 1232 pecora
339 1172 544 1228 abacta,
597 1171 850 1219 tributum
905 1172 1084 1235 iniquo
1140 1179 1238 1220 sue
1288 1180 1523 1234 tempore
1574 1173 1667 1221 im-

99 1255 354 1308 peratum,
389 1263 478 1294 aes
507 1247 738 1295 alienum
772 1248 973 1296 fecisse.
1052 1248 1103 1295 id
1135 1250 1460 1297 cumulatum
1494 1256 1667 1298 usuris

98 1330 267 1385 prime
321 1330 378 1372 se
433 1330 567 1386 agro
623 1331 844 1386 paterne
899 1331 1150 1388 avitoque
1205 1325 1429 1382 exuisse,
1482 1326 1667 1374 deinde

99 1400 321 1448 fortunis
360 1400 501 1457 aliis3
553 1408 822 1462 postremo
861 1402 1004 1450 velut
1045 1403 1220 1451 tabem
1260 1402 1560 1464 pervenisse
1599 1404 1664 1451 ad
1682 1418 1722 1449 25

98 1493 314 1538 corpus;
366 1479 581 1526 ductum
625 1486 683 1527 se
724 1480 791 1526 ab
832 1479 1092 1527 creditore
1135 1486 1241 1528 nen
1280 1479 1331 1526 in
1374 1479 1660 1537 servitium,

99 1555 189 1602 sed
225 1554 276 1600 in
306 1555 632 1616 ergastulum
662 1562 714 1602 et
746 1556 1099 1603 carnificinam
1132 1571 1264 1604 esse.
1341 1555 1460 1604 inde
1491 1563 1666 1604 osten-

99 1637 211 1678 tare
251 1639 461 1693 tergum
502 1632 711 1679 foedum
757 1632 1049 1680 recentibus
1092 1632 1332 1695 vestigiis
1370 1634 1660 1681 verberum.

99 1708 165 1754 ad
206 1708 334 1755 haec
369 1714 485 1756 visa
521 1709 805 1771 auditaque
844 1710 1040 1757 clamor
1080 1709 1267 1771 ingens
1306 1708 1485 1757 oritur.
1563 1716 1666 1758 non

99 1782 202 1831 iam
233 1784 349 1831 foro
379 1791 437 1832 se
466 1785 722 1833 tumultus
751 1793 911 1844 tenet,
942 1786 1034 1834 sed
1064 1786 1262 1847 passim
1292 1793 1459 1834 totam
1486 1788 1666 1834 urbem
1682 1800 1725 1833 30

98 1860 351 1921 pervadit.
427 1867 547 1908 nexi
579 1868 739 1909 vincti
771 1862 1031 1924 solutique
1065 1869 1122 1910 se
1155 1862 1383 1924 undique
1417 1862 1468 1909 in
1500 1862 1667 1924 publi-

98 1952 217 1984 cum
261 1936 571 1998 pret-imunt,
618 1937 900 1999 implerant
946 1938 1228 1999 Quiritium
1270 1939 1441 1986 fidem.
1524 1939 1667 1987 nullo

99 2013 216 2060 loco
235 2013 383 2060 deest
403 2013 675 2061 seditienis
695 2014 1021 2062 voluntarius
1042 2030 1238 2072 comes;
1271 2015 1448 2062 multis
1469 2015 1667 2076 passim

100 2089 402 2150 agminibus
445 2105 536 2151 per
576 2097 759 2138 omnes
801 2090 914 2138 vias
962 2107 1080 2138 curn
1122 2092 1352 2139 clamore
1399 2091 1449 2138 in
1498 2091 1668 2140 forum

99 2165 338 2213 curritur.
416 2173 614 2229 magno
639 2182 757 2214 cum
784 2168 1013 2228 periculo
1039 2175 1156 2225 suo,
1186 2174 1276 2230 qui
1299 2168 1433 2216 forte
1458 2175 1667 2230 patrum
1683 2185 1723 2216 35

100 2241 149 2288 in
191 2242 306 2290 foro
343 2249 508 2299 erant,
551 2243 600 2290 in
641 2259 756 2291 eam
795 2246 1004 2291 turbam
1044 2244 1361 2301 inciderunt;
1411 2261 1505 2292 nec
1541 2252 1668 2292 tem-

100 2326 340 2378 peratum
373 2318 615 2366 manibus
648 2319 799 2376 foret,
835 2326 887 2366 ni
919 2327 1138 2382 propere
1170 2320 1430 2377 censules‚
1463 2321 1517 2367 P.
1553 2321 1668 2369 Ser-

100 2394 252 2441 vilius
277 2401 331 2442 et
354 2395 488 2456 App.
515 2395 784 2454 Claudius,
808 2397 874 2443 ad
894 2397 1337 2458 comprimendam
1359 2397 1668 2446 seditienem

101 2469 516 2519 intervenissent.
592 2479 647 2519 at
683 2472 734 2518 in
771 2479 864 2520 ees
901 2474 1183 2522 multitudo
1215 2490 1367 2521 versa
1403 2481 1669 2522 ostentare

102 2546 309 2594 vincula
334 2562 432 2594 sua
454 2547 945 2611 deformitatemque
971 2550 1141 2597 aliam.
1206 2551 1335 2598 haec
1365 2557 1422 2599 se
1452 2550 1726 2600 meritosw

100 2622 287 2680 dicere,
318 2625 604 2684 probantes
636 2640 786 2672 suam
820 2625 1041 2688 quisque
1073 2626 1206 2674 alius
1243 2627 1366 2674 alibi
1403 2627 1667 2684 militiam3

101 2699 369 2760 postulare
412 2700 579 2748 multo
622 2700 893 2749 minaciter
934 2702 1107 2764 magis
1145 2717 1303 2764 quam
1346 2703 1664 2765 suppliciter,

102 2782 160 2822 ut
197 2783 441 2823 senatum
482 2784 755 2834 vocarent;
807 2777 1109 2841 curiamque
1150 2778 1250 2840 ipsi
1291 2778 1452 2826 futuri
1491 2779 1671 2826 arbitri

103 2852 567 2914 moderatoresque
594 2852 784 2913 publici
808 2854 1011 2902 consilii
1034 2855 1440 2904 circumsistunt.
1517 2861 1671 2916 pauci

102 2928 388 2976 admodum
437 2937 662 2993 patrum,
709 2937 846 2993 quos
892 2940 1049 2980 casus
1090 2933 1368 2991 obtulerat,
1414 2938 1670 2981 contracti
1685 2950 1725 2981 45
