1956 3242
286 201 304 233 1
316 201 344 232 2
800 184 1104 246 Excerpta
1145 182 1365 234 Brevia

1043 333 1109 384 25

350 453 547 502 Sextus
606 452 753 501 filius
815 453 1041 515 Superbi
1101 451 1392 516 transfugit
1451 469 1517 502 ex
1575 453 1875 517 composito

283 530 502 587 Gabios,
554 530 721 593 patris
775 529 826 577 in
876 538 934 578 se
988 529 1265 579 saevitiam
1319 529 1702 580 intolerabilem
1754 548 1876 581 con-

283 615 528 671 querens,
582 616 635 656 et
681 609 912 671 benigne
960 616 994 655 a
1040 607 1260 656 Gabinis
1309 607 1584 671 excipitur.
1661 610 1875 658 tandem

282 685 442 734 etiam
503 686 611 733 dux
669 686 792 733 belli
851 684 1060 748 legitur.
1161 685 1340 748 itaque
1400 693 1686 750 postquam
1745 686 1877 735 satis

247 763 470 813 5virium
498 763 565 811 ad
591 770 781 812 omnes
810 770 1040 813 conatus
1070 762 1303 823 videbat,
1333 770 1446 812 tum
1477 780 1543 813 ex
1573 771 1684 813 suis
1715 776 1879 813 unum

283 841 612 890 sciscitatum
666 842 894 891 Remam
938 842 1006 890 ad
1049 850 1253 904 patrem
1298 841 1476 901 mittit,
1524 841 1778 905 quidnam
1821 849 1880 892 se

282 919 455 968 facere
489 920 660 968 vellet.
738 919 859 968 huic
892 918 1096 977 nuntie,
1135 919 1276 982 quia,
1314 920 1494 978 credo,
1531 919 1724 969 dubiae
1760 920 1882 969 fidei

283 997 580 1056 videbatur,
622 997 749 1046 nihil
791 1004 923 1046 vece
965 1004 1281 1060 responsum
1324 1005 1432 1046 est:
1484 1005 1576 1046 rex
1611 998 1756 1046 velut
1791 998 1881 1047 de-

283 1076 660 1124 liberabundus
721 1075 772 1123 in
832 1076 1045 1124 hortum
1105 1075 1315 1124 aedium
1374 1075 1569 1125 transit
1627 1083 1882 1139 sequente

227 1170 268 1203 10
284 1153 471 1202 nuntio
519 1153 636 1202 filii.
713 1153 784 1202 ibi
833 1153 1170 1203 inambulans
1217 1153 1413 1203 tacitus
1463 1170 1674 1203 summa
1719 1162 1882 1217 papa-

283 1248 465 1280 verum
525 1231 703 1294 capita
762 1232 953 1281 dicitur
1010 1232 1203 1280 bacule
1257 1231 1575 1281 decussisse.
1664 1231 1882 1280 interro-

283 1310 466 1373 gando
501 1310 967 1373 exspectandeque
1005 1317 1320 1371 respensum
1358 1309 1576 1357 nuntius
1612 1309 1788 1358 fessus
1824 1317 1884 1358 ut

288 1395 342 1436 re
391 1387 701 1450 imperfecta
748 1387 883 1435 redit
930 1386 1146 1436 Gabies.
1224 1403 1362 1450 quae
1404 1387 1596 1435 dixerit
1643 1403 1883 1451 quaeque

286 1465 477 1514 viderit
515 1465 699 1514 refert:
745 1481 838 1513 seu
875 1471 955 1513 ira
991 1481 1084 1513 seu
1127 1464 1252 1513 odio
1295 1480 1389 1513 seu
1432 1464 1682 1528 superbia
1723 1464 1884 1514 insita

229 1559 270 1592 15
288 1542 503 1607 ingenio
551 1543 748 1591 nnllam
797 1559 917 1591 eum
972 1549 1157 1591 vecem
1205 1541 1466 1592 emisisse.
1545 1542 1741 1591 Sextus
1795 1542 1883 1591 ubi

287 1621 413 1684 quid
445 1622 602 1670 vellet
627 1628 819 1684 parens
846 1620 1120 1679 intellexit,
1151 1626 1409 1683 primeres
1439 1619 1669 1669 civitatis
1695 1620 1885 1670 intere-

287 1700 398 1748 mit.
474 1701 618 1748 bona
637 1707 819 1748 eorum
841 1698 1166 1746 multitudini
1185 1698 1358 1746 divisa
1382 1705 1533 1746 sunt:
1572 1698 1884 1761 largitiones

287 1778 408 1827 inde
432 1777 784 1840 praedaeque,
810 1784 862 1825 et
888 1776 1168 1825 dulcedine
1188 1782 1384 1839 privati
1408 1777 1674 1825 commodi
1694 1784 1884 1825 sensus

289 1856 550 1904 malerum
578 1855 908 1918 publicorum
935 1854 1114 1912 adimL
1139 1854 1308 1903 donec
1333 1855 1465 1903 orba
1488 1853 1713 1903 consilio
1738 1853 1885 1903 auxi-

231 1934 464 1998 2olioque
489 1934 697 1982 Gabina
724 1941 808 1982 res
840 1939 955 1996 regi
988 1933 1234 1982 Remane
1264 1931 1377 1982 sine
1407 1932 1517 1982 ulla
1543 1931 1885 1982 dimicatiene

288 2012 340 2060 in
367 2028 584 2061 manum
609 2010 851 2060 traditur.

1050 2158 1120 2210 26

357 2280 522 2328 Gaius
552 2278 781 2337 MuciuS‚
806 2278 1121 2329 adulescens
1147 2276 1356 2336 nobilis,
1380 2282 1552 2339 prime
1577 2283 1676 2325 sua
1694 2282 1884 2339 sponte

290 2366 567 2421 penetrare
593 2358 642 2405 in
670 2356 906 2406 hostium
936 2362 1114 2404 castra
1143 2353 1449 2404 constituit:
1487 2353 1605 2402 dein
1638 2361 1884 2403 metuens

291 2444 373 2495 ne,
406 2443 451 2484 si
476 2436 754 2485 consulum
782 2433 985 2482 iniussu
1017 2439 1069 2482 et
1099 2438 1302 2496 ignaris
1333 2430 1578 2480 omnibus
1604 2437 1718 2489 iret,
1749 2431 1884 2480 forte

291 2514 654 2578 deprehensus
697 2521 731 2562 a
772 2510 1086 2561 custodibus
1127 2510 1387 2559 Remanis
1431 2508 1785 2557 retraheretur
1825 2515 1884 2557 ut

255 2593 589 2657 5transfuga,
616 2598 860 2641 senatum
887 2589 1013 2638 adit.
1096 2592 1107 2614 ‘
1127 2588 1376 2637 Transire
1401 2586 1671 2645 Tiberim‚’
1693 2585 1878 2649 inquit,

297 2675 525 2735 ‘patres‘‚
568 2677 620 2719 et
662 2670 875 2726 intrare,
918 2673 964 2715 si
1005 2665 1225 2729 possim,
1266 2674 1445 2715 castra
1486 2664 1719 2714 hostium
1762 2664 1884 2713 vole

292 2757 396 2799 nen
432 2749 631 2812 praedo
664 2763 760 2796 nec
794 2744 1198 2809 populationum
1231 2744 1455 2793 invicem
1485 2743 1651 2792 ultor:
1690 2741 1878 2801 maius,

292 2834 338 2876 si
384 2828 439 2875 di
486 2827 758 2884 adiuvant,
811 2824 863 2872 in
911 2822 1090 2872 anime
1143 2829 1225 2871 est
1273 2821 1516 2872 facinus.’
1585 2820 1884 2882 adprobant

293 2913 500 2969 patres:
539 2904 724 2954 abdite
762 2903 900 2951 intra
935 2908 1140 2951 vestem
1177 2900 1317 2950 ferre
1354 2897 1718 2962 proficiscitur.
1794 2896 1882 2945 ubi

238 3000 279 3033 10
295 2991 358 3032 ee
383 2983 544 3041 venit,
570 2982 621 3030 in
647 2979 1040 3031 confertissima
1064 2980 1221 3029 turba
1241 2994 1404 3041 prope
1425 2975 1628 3040 regium
1653 2973 1883 3024 tribunal
