1956 3242
265 219 333 267 40
532 213 534 215 ·
786 199 1090 264 Excerpta
1130 199 1350 252 Brevia

267 344 452 394 oculos
494 342 732 406 trepidae
773 342 1006 391 civitatis
1048 343 1197 392 fumo
1240 360 1302 392 ac
1343 345 1558 407 pulvere
1600 345 1852 410 implavit.

190 436 252 468 105
267 422 454 471 eodem
502 429 694 484 postea
740 421 820 469 bis
870 428 1033 469 exuto
1075 427 1284 480 castris,
1331 422 1412 470 bis
1461 423 1659 481 saucio,
1707 430 1760 472 et
1807 423 1858 471 in

267 499 545 549 Graeciam
582 515 735 547 suam
773 506 921 547 trans
955 515 1099 548 mare
1131 515 1195 548 ac
1224 507 1394 548 terras
1426 500 1633 564 fugato,
1670 510 1775 564 pax
1807 508 1860 550 et

266 578 418 641 quies
451 584 503 625 et
536 584 689 625 tanta
722 577 788 625 de
821 577 1239 639 opulentissimis
1272 585 1353 626 tot
1384 578 1636 641 gentibus
1670 578 1855 641 spolia,

267 662 326 703 ut
373 654 648 703 victoriam
699 670 851 702 suam
903 655 1079 703 Roma
1127 661 1232 703 non
1280 662 1507 718 caperet.
1585 672 1682 704 nec
1722 655 1860 705 enim

268 739 466 780 temere
518 732 657 781 ullus
711 731 977 793 pulchrior
1036 731 1088 779 in
1146 732 1362 790 Urbem,
1421 741 1514 781 aut
1573 733 1862 795 speciosior

191 825 254 857 110
270 809 568 872 triumphus
595 809 828 857 intravit.
906 816 1029 857 ante
1054 809 1194 858 hunc
1218 809 1356 858 diem
1384 810 1509 858 nihil
1541 810 1639 858 nisi
1671 826 1863 873 pecora

269 891 606 949 Volscorum,
649 897 847 953 greges
892 890 1228 948 Sabinorum,
1270 898 1523 954 carpenta
1564 892 1857 950 Gallorum,

268 969 439 1018 fracta
487 968 788 1017 Samnitum
842 984 992 1015 arma
1044 967 1298 1017 vidisses:
1354 976 1467 1017 tum
1522 975 1567 1017 si
1619 975 1862 1032 captivos

269 1046 554 1109 aspiceres,
610 1045 852 1103 Molossi,
898 1045 1159 1103 Thessali,
1210 1046 1550 1104 Macedones,
1601 1045 1857 1104 Bruttius,

269 1118 492 1187 Apulus,
524 1131 685 1186 atque
714 1123 988 1171 Lucanus:
1028 1129 1073 1171 si
1098 1131 1341 1186 pompaS,
1372 1140 1578 1182 aurum,
1608 1139 1859 1187 purpura,

193 1216 256 1250 115
272 1208 446 1265 signa,
505 1202 736 1259 tabulae,
794 1202 1218 1264 Tarentinaeque
1271 1201 1506 1251 deliciae.
1585 1203 1678 1251 sed
1737 1201 1864 1250 nihil

271 1280 520 1328 libentius
546 1280 775 1342 populus
808 1280 1084 1327 Romanus
1115 1279 1340 1341 aspexit,
1371 1295 1531 1343 quam
1563 1279 1697 1338 illas,
1727 1289 1863 1343 quas

271 1357 538 1415 timuerat,
579 1373 700 1405 cum
737 1356 971 1405 turribus
1008 1363 1120 1405 suis
1157 1357 1388 1406 belluas:
1432 1374 1569 1421 quae
1606 1365 1713 1406 non
1751 1358 1863 1406 sine

271 1442 433 1483 sansu
498 1433 844 1496 captivitatis,
915 1435 1196 1483 submissis
1258 1435 1570 1494 cervicibus,
1634 1436 1863 1485 victores

271 1519 440 1575 equos
478 1514 853 1575 sequebantur.

1036 1637 1102 1688 45

343 1756 639 1818 Imperator
682 1757 893 1805 Poenus
941 1755 993 1803 in
1042 1758 1184 1806 terra
1232 1756 1410 1806 Sicula
1456 1757 1594 1806 bello
1642 1757 1864 1806 Cartha-

272 1833 503 1898 giniansi
532 1840 704 1896 primo
729 1833 941 1883 obviam
971 1835 1215 1883 Romano
1240 1834 1474 1883 exercitu
1504 1835 1859 1899 progreditur,

273 1912 438 1960 collas
476 1912 728 1974 locosque
766 1912 985 1961 idoneos
1023 1913 1165 1974 prior
1201 1921 1443 1976 occupat.
1527 1914 1720 1962 milites
1760 1914 1865 1963 Ro-

274 1996 433 2048 mani,
465 1996 544 2038 uti
581 1997 665 2038 ras
703 1998 829 2038 nata
866 1997 964 2049 est,
997 1990 1047 2038 in
1086 1991 1261 2040 locum
1297 1991 1569 2040 insinuant
1605 1992 1777 2041 fraudi
1812 1999 1866 2040 et

238 2068 524 2131 5perniciai
571 2068 877 2117 obnoxium.
970 2068 1214 2118 tribunus
1263 2070 1329 2118 ad
1379 2070 1650 2118 consulem
1699 2068 1860 2128 venit,

275 2145 509 2194 ostendit
557 2146 776 2194 exitium
819 2147 886 2196 da
935 2147 1036 2196 loci
1084 2146 1484 2210 importunitate
1532 2154 1584 2195 et
1631 2146 1864 2196 hostium

275 2224 676 2272 circumstantia
723 2231 1006 2273 maturum.
1103 2225 1372 2273 ‘Censeo’
1416 2225 1585 2288 inquit
1632 2228 1709 2273 ‘si
1755 2241 1864 2273 rem

276 2309 488 2350 servare
543 2308 641 2359 vis,
699 2301 997 2350 faciendum
1057 2310 1116 2350 ut
1174 2302 1597 2365 quadringentos
1656 2301 1865 2366 aliquos

278 2378 470 2427 militas
520 2379 587 2426 ad
636 2391 909 2428 verrucam
959 2379 1099 2427 illam
1152 2378 1248 2443 (sic
1296 2379 1434 2428 enim
1478 2379 1642 2428 Cato1
1690 2380 1864 2429 locum

221 2476 262 2507 10
279 2457 478 2505 aditum
516 2473 868 2520 asperumque
905 2455 1157 2521 appellat)
1198 2464 1271 2506 ire
1308 2457 1492 2506 iubeas
1529 2474 1752 2522 eamque
1788 2464 1867 2506 uti

278 2542 554 2597 occupent,
599 2535 825 2598 imperas
868 2535 1228 2599 horterisquffi
1278 2536 1461 2584 hostas
1500 2536 1738 2598 profecto
1776 2535 1863 2585 ubi

279 2613 329 2660 id
364 2613 606 2672 viderint,
637 2613 959 2662 fortissimus
992 2614 1216 2677 quisque
1250 2621 1302 2662 et
1336 2614 1765 2677 promptissimus
1798 2613 1865 2662 ad

279 2691 666 2739 occursandum
714 2691 1168 2755 pugnandumque
1222 2691 1273 2739 in
1324 2699 1417 2741 eos
1467 2698 1868 2755 praevertentur

279 2775 491 2832 unoque
525 2769 614 2817 illo
646 2769 866 2832 negotio
896 2776 1014 2818 sesa
1045 2768 1358 2832 alligabunt,
1389 2777 1549 2832 atque
1579 2769 1650 2817 illi
1679 2775 1865 2818 omnes

223 2864 263 2896 15
280 2846 655 2910 quadringenti
683 2847 865 2909 procul
896 2846 1058 2895 dubio
1087 2848 1559 2896 obtruncabuntur.
1634 2853 1761 2895 tunc
1791 2845 1866 2894 in-

330 2957 341 2979 ¹
356 2955 454 2992 This
473 2962 580 3003 story
594 2956 626 2992 is
645 2967 694 2992 an
714 2962 863 2993 extract
882 2956 1031 3003 quoted
1050 2955 1101 3002 by
1115 2967 1140 2992 a
1161 2956 1317 2993 Roman
1331 2956 1459 2993 writer
1477 2956 1575 2993 srom
1595 2955 1661 2993 the
1681 2955 1867 3004 Origines

280 3014 326 3051 of
340 3014 405 3052 the
424 3015 615 3053 historian
634 3014 749 3053 Cato.
