1956 3242
599 231 898 293 Excerpta
937 229 1154 279 Brevia
1590 244 1654 294 75

92 378 197 418 nen
223 370 473 432 potuisse.
549 370 726 433 itaque
751 379 858 419 una
888 387 953 419 ex
985 377 1134 433 parte
1166 378 1199 418 a
1232 371 1420 418 Suebis
1453 369 1655 418 circiter

92 447 232 495 milia
273 464 527 510 passuum
569 456 818 497 sexcenta
859 455 974 511 agri
1012 456 1200 496 vacare
1241 448 1499 495 dicuntur.
1587 447 1654 494 ad

89 526 305 572 alteram
341 533 543 587 partem
580 526 867 573 succedunt
905 525 1044 583 Ubii,
1075 532 1300 587 querum
1335 523 1433 571 fuit
1468 523 1654 571 civitas

89 602 263 662 ampla
299 610 457 664 atque
493 602 702 659 florens,
738 609 795 649 ut
831 609 912 650 est
947 609 1133 663 captus
1168 602 1568 658 Germanerum‚
1602 607 1654 648 et
1669 608 1712 644 70

89 678 248 739 paule
308 685 431 726 sunt
489 678 722 726 eiusdem
781 678 990 741 generis
1048 684 1236 726 ceteris
1295 677 1650 735 humanieres,

89 762 366 815 propterea
396 755 537 816 quod
577 755 816 802 Rhenum
854 755 1139 817 attingunt,
1170 755 1422 816 multique
1458 754 1525 801 ad
1561 760 1654 801 ees

91 837 408 879 mercateres
443 831 718 889 ventitant,
749 839 800 879 et
834 832 932 893 ipsi
965 839 1176 893 propter
1212 830 1654 893 propinquitatem

89 907 301 955 Gallicis
343 914 466 954 sunt
508 907 739 955 metibus
782 908 1081 955 assuefacti.
1171 908 1270 955 hes
1311 924 1430 955 cum
1474 907 1649 965 Suebi,

91 984 268 1031 multis
316 999 473 1045 saepe
529 984 676 1031 bellis
732 991 948 1045 experti,
1001 991 1213 1046 propter
1259 983 1654 1046 amplitudinem
1670 995 1711 1030 75

89 1059 512 1122 gravitatemque
548 1060 792 1117 civitatis,
835 1061 1033 1108 finibus
1070 1061 1325 1122 expellere
1361 1068 1467 1109 nen
1504 1067 1654 1122 potu-

90 1135 270 1193 issent,
330 1144 507 1185 tamen
563 1138 851 1199 vectigales
908 1137 1004 1185 sibi
1061 1138 1311 1195 fecerunt,
1371 1154 1433 1186 ac
1487 1138 1654 1185 multe

89 1212 391 1261 humilieres
428 1213 854 1276 infirmioresque
892 1215 1220 1277 redegerunt.

841 1348 904 1397 63

159 1444 277 1504 Ipse
332 1450 514 1491 eerum
566 1443 902 1504 opinienibus
959 1443 1154 1492 accede
1201 1450 1291 1506 qui
1345 1443 1654 1492 Germaniae

89 1520 313 1582 popules
353 1519 507 1567 nullis
546 1519 767 1568 aliarum
806 1519 1081 1569 nationum
1119 1520 1392 1569 connubiis
1433 1521 1655 1568 infectes

89 1596 351 1659 propriam
382 1604 434 1645 et
467 1596 724 1646 sinceram
754 1605 807 1646 et
839 1605 1045 1646 tantum
1075 1605 1157 1646 sui
1189 1598 1409 1646 similem
1442 1605 1655 1660 gentem

89 1674 355 1722 exstitisse
392 1674 725 1722 arbitrantur.
810 1675 947 1723 unde
984 1675 1194 1722 habitus
1230 1691 1439 1737 quoque
1474 1690 1656 1736 corpo-

91 1767 204 1798 rum
252 1767 572 1813 quamquam
621 1750 671 1798 in
720 1758 872 1799 tante
928 1751 1196 1799 hominum
1244 1758 1463 1799 numere
1518 1752 1691 1799 idem5

90 1826 351 1884 omnibus,
403 1834 578 1875 truces
630 1835 682 1875 et
737 1828 961 1876 caerulei
1016 1829 1168 1886 oculi,
1221 1828 1405 1876 rutilae
1451 1844 1651 1885 comae,

91 1912 288 1966 magna
322 1919 544 1965 corpora
578 1911 629 1952 et
666 1911 871 1952 tantum
908 1905 975 1952 ad
1011 1904 1262 1966 impetum
1299 1904 1486 1952 valida.

156 1981 320 2028 Terra
366 1980 496 2028 satis
544 1980 706 2038 ferax,
754 1980 1225 2043 frugiferarumque
1272 1983 1516 2029 arborum
1564 1980 1656 2028 im-

91 2057 314 2121 patiens,
346 2072 592 2119 pecorum
625 2057 849 2106 fecunda
881 2058 971 2106 sed
1007 2058 1310 2120 plerumque
1343 2058 1650 2120 imprecera.

92 2142 156 2183 ne
194 2140 445 2182 armentis
484 2133 693 2196 quidem
734 2151 860 2182 suus
899 2135 1066 2182 honor
1103 2142 1194 2183 aut
1234 2135 1405 2198 gleria
1442 2135 1714 2184 frontis:10

93 2217 311 2259 numere
352 2211 604 2274 gaudent,
648 2227 843 2274 eaeque
882 2212 1027 2260 selae
1065 2219 1116 2260 et
1155 2211 1491 2275 gratissimae
1528 2219 1656 2275 opes

92 2295 229 2336 sunt.

161 2365 339 2427 Reges
364 2381 429 2413 ex
454 2364 744 2422 nebilitete,
774 2366 933 2414 duces
959 2381 1023 2413 ex
1047 2364 1238 2414 virtute
1263 2373 1493 2414 sumunt.
1563 2382 1658 2414 nec

94 2441 307 2504 regibus
331 2441 544 2490 infinita
568 2449 660 2489 aut
685 2443 846 2490 libera
864 2449 1128 2504 potestas;
1160 2450 1212 2491 et
1236 2444 1396 2491 duces
1416 2444 1657 2505 exemple

93 2517 268 2579 potius
292 2534 452 2580 quarn
478 2518 713 2580 imperie,
740 2525 785 2566 si
808 2526 1052 2581 prompti,
1083 2527 1128 2567 si
1152 2520 1436 2582 censpicuI,
1466 2527 1511 2568 si
1535 2528 1657 2568 ante
1673 2535 1712 2566 15

93 2594 256 2642 aciem
282 2602 466 2657 agunt,
498 2595 843 2644 admiratiene
869 2604 1131 2657 praesunt.

160 2672 242 2719 De
275 2671 565 2720 mineribus
603 2674 758 2720 rebus
794 2673 1052 2735 principes
1088 2674 1407 2731 censultant‚
1445 2674 1512 2721 de
1550 2682 1658 2726 ma-

93 2746 290 2796 ieribus
316 2755 521 2804 omnes;
554 2747 628 2796 ita
653 2755 828 2797 tamen
849 2756 906 2796 ut
931 2766 994 2797 ea
1018 2766 1225 2812 quoque
1249 2757 1474 2812 querum
1499 2766 1658 2812 penes

93 2825 296 2886 plebem
337 2824 608 2872 arbitrium
651 2833 732 2873 est
774 2826 912 2887 apud
955 2826 1213 2888 principes
1256 2833 1651 2887 pertractentur.

92 2908 299 2959 coeunt,
324 2900 423 2948 nisi
449 2900 574 2963 quid
599 2900 871 2950 fortuitum
894 2909 946 2950 et
971 2901 1201 2950 subitum
1227 2901 1478 2960 inciderit,
1502 2908 1657 2949 certis
1675 2919 1714 2950 20

93 2976 295 3036 diebus,
335 2994 454 3026 cum
491 2985 584 3026 aut
623 2977 896 3027 inchoatur
931 2980 1055 3027 luna
1090 2988 1181 3027 aut
1221 2979 1488 3041 impletur;
1537 2995 1659 3026 nam
