1956 3242
591 159 891 221 Excerpta
930 157 1148 207 Brevia
1592 172 1648 221 17

34 275 40 367 ξ
83 301 293 348 foedera
332 300 521 349 feriret.
611 307 738 347 tunc
783 299 871 347 illa
914 299 1155 347 Romana
1200 298 1446 360 prodigia
1492 306 1650 360 atque

83 378 349 435 miracula,
408 376 682 434 Horatius,
737 376 961 434 Mucius,
1014 375 1238 432 Cloelia;
1298 382 1388 437 qui
1443 375 1541 422 nisi
1598 376 1648 423 in

22 475 43 519 ’ς
81 453 357 502 annalibus
396 453 584 512 forent,
629 452 783 501 hodie
821 452 1029 500 fabulae
1068 452 1382 499 viderentur.
1458 452 1648 514 quippe
1666 470 1706 502 10

35 521 41 567 ἷ
84 530 337 578 Horatius
375 529 560 577 Cocles
596 537 879 591 postquam
912 529 1093 576 hostes
1127 528 1355 590 undique
1391 534 1648 576 instantes

81 608 227 654 solus
270 613 602 654 summovere
643 612 750 653 non
792 612 1017 667 poterat,
1063 611 1222 666 ponte
1270 610 1438 651 reciso
1480 612 1649 651 trans-

81 691 229 730 natat
260 682 507 740 Tiberim,
539 698 633 730 nec
666 697 813 730 arma
845 681 1075 729 dimittit.
1153 680 1360 728 Mucius
1395 681 1650 728 Scaevola

82 766 259 821 regem
293 775 385 821 per
419 758 637 806 insidias
674 759 725 805 in
759 763 947 806 castris
980 757 1144 819 ipsius
1178 757 1512 819 aggreditur:
1557 758 1648 804 sed

0 862 40 898 :³
81 835 167 883 ubi
219 835 475 884 frustrato
522 835 662 883 circa
708 842 1054 896 purpuratum
1102 834 1214 881 eius
1267 834 1372 881 ictu
1419 840 1643 891 tenetur,
1664 853 1704 884 15

0 919 17 955 L.
80 912 384 960 ardentibus
417 911 548 960 focis
581 911 724 959 inicit
759 927 988 968 manum,
1027 917 1382 972 terroremque
1414 910 1649 972 geminat

0 1038 2 1042 ‚
80 989 216 1036 dolo.
311 988 419 1036 ‘Ut
466 988 642 1046 scias,’
692 987 875 1050 inquit,
933 991 1119 1049 ‘quem
1166 986 1334 1034 virum
1377 987 1643 1049 effugerIS,

0 1054 14 1103 '0-
81 1064 215 1112 idem
274 1071 492 1113 trecenti
550 1064 888 1122 iuravimu83'
958 1080 1076 1111 cum
1136 1063 1341 1111 interim
1402 1061 1649 1127 (immane

19 1160 21 1162 ’
79 1140 271 1204 dictul)
302 1142 385 1189 hic
415 1140 698 1199 interritus,
734 1141 817 1188 ille
847 1140 1147 1202 trepidaret,
1178 1147 1430 1202 tanquam
1461 1157 1648 1187 manus

81 1217 220 1280 ragis
259 1218 481 1265 arderet.
558 1223 633 1265 sic
669 1216 877 1279 quidem
915 1217 1024 1264 viri.
1102 1217 1193 1264 sed
1232 1223 1298 1264 ne
1334 1216 1451 1278 quis
1490 1233 1647 1264 sexus
1664 1236 1705 1268 20

80 1301 113 1341 a
150 1294 304 1341 laude
341 1300 592 1351 cessaret,
633 1308 752 1341 ecce
792 1300 844 1340 et
880 1292 1143 1355 virginum
1182 1292 1364 1341 virtus.
1442 1304 1545 1340 una
1584 1309 1648 1340 ex

0 1365 16 1503 β
79 1369 349 1417 obsidibus
404 1370 586 1431 elapsa
639 1369 955 1427 custodiam,
1009 1369 1223 1427 Cloelia,
1276 1385 1367 1431 per
1421 1369 1648 1431 patrium

6 1504 8 1506 Ι
81 1446 271 1493 flumen
305 1445 591 1508 equitabat.
667 1453 719 1493 et
756 1452 846 1493 rex
883 1445 1093 1507 quidem
1130 1452 1210 1493 tot
1247 1451 1514 1508 tantisque
1549 1446 1648 1493 vir-

79 1530 250 1570 tutum
281 1522 492 1570 territus
522 1528 772 1570 monstris
802 1522 975 1570 valere
1004 1523 1298 1584 liberosque
1328 1538 1443 1569 esse
1474 1522 1641 1569 iussit.

9 1641 33 1654 ⁷,
78 1598 346 1660 Tarquinii
371 1598 571 1646 tamdiu
591 1599 987 1656 dimicaverunt,
1012 1599 1179 1647 donec
1198 1600 1450 1646 Aruntem
1476 1599 1646 1646 filium
1664 1620 1703 1651 25

28 1682 31 1722 ἐ
81 1675 220 1737 regis
241 1686 399 1723 manu
420 1684 519 1723 sua
539 1676 733 1723 Brutus
753 1675 961 1735 occidit,
986 1691 1245 1739 superque
1270 1675 1441 1738 ipsum
1463 1682 1648 1724 mutuo

0 1743 6 1804 ξ
79 1751 288 1800 volnere
312 1752 617 1814 exspiravit.

0 1915 5 1965 ξ
25 1930 29 1957 3
830 1900 897 1950 33

324 2009 523 2056 DREAM
560 2023 628 2057 OF
666 2010 794 2067 ΙιιΑ,
835 2010 1067 2057 AENEAs'
1105 2010 1411 2058 DAUGHTER

79 2136 253 2185 excita
287 2153 407 2185 curn
443 2138 678 2185 tremulis
714 2153 847 2185 anus
882 2138 1059 2186 attulit
1095 2140 1314 2185 artubus
1351 2139 1541 2196 lumen,

24 2232 26 2252 ι
79 2212 207 2260 talia
242 2222 618 2262 commemorat
654 2215 951 2273 lacrimans,
991 2214 1240 2263 exterrita
1276 2222 1491 2263 somno:

85 2289 363 2338 ‘Euridica
397 2296 677 2353 prognata,
719 2298 867 2353 pater
902 2307 1060 2354 quam
1098 2300 1277 2339 noster
1312 2292 1527 2349 amavit,

79 2371 218 2414 vires
253 2371 465 2429 vitaque
500 2383 691 2429 corpus
727 2383 901 2416 meum
937 2379 1075 2415 nunc
1110 2368 1303 2415 deserit
1339 2384 1508 2416 omne.

81 2457 200 2488 nam
237 2449 321 2490 me
357 2448 503 2490 visus
539 2443 697 2491 homo
732 2444 946 2505 pulcher
981 2460 1072 2506 per
1108 2460 1329 2492 amoena
1366 2444 1550 2492 salicta
1665 2465 1685 2496 5

80 2526 132 2566 et
169 2524 310 2580 ripas
348 2526 554 2580 raptare
591 2520 839 2582 locosque
876 2527 1069 2577 novos;
1106 2521 1180 2568 ita
1217 2522 1331 2568 sola

79 2594 309 2657 postilla,
350 2603 604 2657 germana
639 2603 807 2654 soror,
847 2604 1019 2644 errare
1055 2597 1271 2645 videbar

80 2671 336 2733 tardaque
372 2677 638 2733 vestigare
673 2680 725 2719 et
760 2688 1009 2734 quaerere
1045 2680 1114 2730 te,
1156 2689 1324 2734 neque
1359 2688 1516 2734 posse

13 2768 21 2794 ι
79 2741 236 2795 corde
270 2762 563 2809 capessere,
602 2748 790 2796 semita
825 2749 968 2797 nulla
1002 2750 1188 2810 pedem
1225 2750 1508 2797 stabilibat.

11 2833 20 2883 ,ζ
80 2828 200 2871 exin
235 2824 548 2885 compellare
584 2831 733 2886 pater
769 2832 851 2873 me
886 2831 1015 2874 voce
1051 2825 1259 2874 videtur
1665 2846 1707 2879 10

15 2887 20 2942 ἶ
80 2898 163 2947 his
197 2900 397 3017 ve‹rbis:
451 2894 531 2948 ‘O
567 2908 743 2963 grata,
781 2901 877 2950 tibi
913 2909 1035 2950 sunt
1072 2910 1193 2951 ante
1229 2901 1472 2950 ferendae

268 2974 394 3017 nou)
1455 2973 1483 3008 c
