1956 3242
271 198 335 246 28
786 197 1090 260 Excerpta
1130 195 1350 248 Brevia

268 346 421 387 tanta
461 339 748 402 trepidatie
791 339 908 398 fuit,
951 347 1153 403 quanta
1195 346 1241 387 si
1282 341 1484 399 urbem,
1531 347 1639 391 nen
1681 348 1860 391 castra

269 417 451 466 hostes
478 418 801 466 obsiderent.
869 418 1124 465 Nautium
1151 419 1426 466 censulem
1451 427 1742 467 arcessunt.
1806 419 1857 467 in

268 502 375 557 que
422 511 542 543 cum
591 511 778 558 parum
829 495 1078 558 praesidii
1127 494 1395 544 videretur
1441 496 1859 560 dictatoremque

268 573 370 622 dici
429 573 678 635 placeret,
735 580 825 636 qui
886 589 995 621 rem
1055 573 1355 635 perculsam
1416 574 1733 632 restitueret,
1795 575 1850 622 L.

212 665 252 696 25
269 651 551 713 Quinctius
589 651 935 699 Cincinnatus
972 657 1241 699 censensu
1278 651 1514 700 omnium
1551 651 1757 700 dicitur.

336 730 545 791 Operae
571 729 798 791 pretium
824 737 906 777 est
931 729 1131 788 audire,
1155 729 1281 792 quia
1306 729 1485 778 omnia
1510 746 1635 792 prae
1661 729 1858 778 divitiis

268 807 502 855 humana
535 815 791 868 spernunt
821 823 991 869 neque
1025 807 1212 855 honeri
1245 814 1447 870 magns>
1480 807 1654 856 locum
1688 823 1858 870 neque

268 884 449 932 virtuti
474 893 663 947 putant
690 901 825 944 esse,
851 884 951 933 nisi
977 885 1064 932 ubi
1092 885 1262 934 effuse
1288 885 1507 933 affluant
1532 893 1679 947 opes.
1734 893 1857 948 spes

267 962 423 1011 unica
470 962 675 1025 imperii
727 964 908 1025 populi
958 963 1206 1022 Romani,
1264 963 1320 1011 L.
1377 963 1660 1026 Quinctius
1711 970 1858 1012 trans

210 1059 251 1089 30
268 1039 515 1097 Tiberim,
546 1048 734 1088 contra
766 1057 884 1088 eum
921 1040 1095 1103 ipsum
1131 1041 1322 1099 locum,
1353 1040 1442 1088 ubi
1476 1057 1615 1089 nunc
1649 1040 1860 1089 navalia

269 1125 409 1175 sunt,
450 1125 705 1179 quattuor
747 1117 991 1181 iugerum
1030 1118 1241 1167 colebat
1280 1133 1488 1181 agrum,
1515 1134 1666 1181 vquae
1704 1126 1860 1180 prata

268 1196 520 1258 Quinctia
544 1204 818 1243 vocantur.
873 1195 941 1243 ibi
969 1197 1036 1244 ab
1062 1196 1274 1259 legatis,
1299 1212 1394 1245 seu
1420 1196 1629 1244 fossam.
1648 1195 1858 1245 fodiens

267 1274 420 1335 palae
457 1273 685 1331 innixus,
728 1290 820 1322 seu
858 1289 977 1321 cum
1016 1281 1208 1331 araret,
1243 1280 1391 1336 operi
1426 1281 1585 1332 certe,
1628 1273 1679 1321 id
1716 1275 1859 1337 quod

267 1358 498 1408 censtat,
540 1358 742 1414 agresti
781 1351 1032 1409 intentus,
1075 1352 1247 1399 salute
1284 1351 1413 1399 data
1448 1351 1499 1398 in
1538 1350 1706 1400 vicem
1745 1352 1859 1400 red-

210 1447 251 1480 35
268 1428 500 1491 dit-aque,
541 1436 781 1492 rogatus,
817 1436 893 1487 ut,
932 1429 1075 1491 quod
1113 1430 1245 1477 bene
1278 1435 1507 1477 verteret
1543 1429 1645 1492 ipsi
1682 1436 1859 1492 reique

267 1506 524 1568 publicae,
561 1514 784 1569 togatus
821 1508 1076 1554 mandata
1111 1514 1330 1555 senatus
1367 1507 1591 1565 audiret,
1633 1508 1860 1556 admira-

267 1590 354 1632 tus
411 1584 758 1647 rogitansque
816 1589 827 1610 ‘
852 1584 1018 1633 Satin’
1077 1584 1253 1632 salve’
1310 1592 1497 1648 togam
1550 1593 1774 1648 propere
1830 1593 1859 1635 e

267 1662 484 1725 tugurio
513 1663 750 1725 preferre
780 1670 999 1711 uxerem
1033 1662 1291 1710 Raciliam
1317 1662 1476 1711 iubet.
1543 1672 1651 1726 qua
1680 1664 1854 1722 simul,

268 1741 511 1789 abstersi>
545 1741 758 1802 pulvere
792 1757 855 1788 ac
888 1741 1098 1799 sudore,
1130 1741 1341 1789 velatus
1375 1741 1654 1803 precessit,
1694 1741 1859 1791 dicta-

211 1837 253 1869 40
268 1825 437 1866 terem
472 1834 591 1866 eum
627 1819 793 1881 legati
825 1819 1162 1882 gratulantes
1195 1819 1555 1877 censalntant,
1586 1819 1638 1868 in
1673 1821 1858 1868 urbem

268 1903 488 1953 vocant;
533 1902 623 1959 qui
659 1904 828 1944 terror
860 1896 928 1944 sit
965 1896 1016 1943 in
1050 1896 1300 1954 exercitu,
1338 1903 1629 1959 exponunt.
1708 1897 1860 1946 navis

268 1974 520 2037 Quinctio
568 1974 776 2036 publice
826 1982 1014 2036 parata
1062 1974 1177 2031 fuit,
1231 1981 1702 2038 transvectumque
1750 1983 1860 2024 tres

267 2052 479 2100 obviam
529 2058 735 2115 egressi
782 2051 882 2099 filii
929 2051 1214 2114 excipiunt,
1269 2052 1390 2101 inde
1439 2051 1528 2100 alii
1579 2052 1860 2116 propinqui

268 2137 427 2192 atque
453 2136 626 2188 amici,
657 2137 770 2178 tum
803 2137 1015 2192 patrum
1050 2129 1218 2178 maior
1253 2145 1392 2192 pars.
1469 2138 1535 2179 ea
1566 2130 1862 2194 frequentia

212 2227 253 2259 45
270 2214 517 2268 stipatus,
583 2207 1023 2255 antecedentibus
1090 2207 1383 2266 licteribus,
1448 2208 1712 2257 deductus
1778 2215 1859 2256 est

269 2284 502 2332 domum.
603 2291 655 2332 et
698 2284 867 2346 plebis
909 2300 1201 2333 concursus
1244 2284 1435 2348 ingens
1478 2285 1604 2343 fuit;
1660 2286 1754 2334 sed
1797 2302 1860 2334 ea

270 2369 606 2424 nequaquam
656 2369 766 2409 tam
816 2362 958 2410 laeta
1005 2361 1314 2424 Quinctium
1361 2362 1509 2420 vidit,
1557 2370 1609 2411 et
1658 2362 1860 2426 imperii

270 2439 486 2486 nimium
525 2447 577 2487 et
614 2439 783 2486 virum
822 2439 941 2501 ipse
978 2439 1200 2500 imperie
1237 2440 1684 2489 vehementierem
1722 2450 1852 2490 rata.

339 2517 406 2563 Et
446 2516 534 2564 illa
572 2516 783 2578 quidem
820 2524 974 2564 nocte
1009 2516 1134 2564 nihil
1174 2525 1544 2580 praeterquam
1579 2518 1860 2581 vigilatum

213 2613 254 2645 50
269 2602 350 2642 est
385 2593 435 2641 in
471 2595 624 2651 urbe;
663 2601 880 2655 postera
913 2593 999 2642 die
1034 2593 1262 2642 dictator
1293 2611 1413 2642 cum
1449 2603 1571 2644 ante
1604 2596 1774 2645 lucem
1807 2596 1859 2644 in

269 2671 441 2720 forum
476 2671 726 2729 venisset,
763 2671 1079 2734 magistrum
1118 2672 1355 2734 equitum
1390 2673 1515 2721 dicit
1552 2674 1606 2720 L.
1639 2673 1859 2736 Tarqui-

269 2748 418 2807 tium,
455 2749 707 2811 patriciae
743 2749 920 2811 gentis
954 2756 1005 2797 et
1039 2756 1146 2811 qui,
1181 2766 1301 2797 cum
1337 2751 1601 2812 stipendia
1634 2750 1858 2813 pedibus

269 2835 483 2888 propter
535 2834 904 2888 paupertatem
958 2826 1188 2885 fecisset,
1242 2828 1382 2875 belle
1430 2834 1606 2876 tamen
1656 2834 1858 2889 primus

269 2904 428 2968 longe
468 2905 743 2953 Romanae
781 2904 1070 2952 iuventutis
1108 2904 1320 2953 habitus
1357 2912 1514 2953 esset.
1591 2921 1711 2953 cum
1749 2921 1858 2954 ma-

212 3005 253 3036 55
270 2982 442 3045 gistre
478 2981 715 3044 equitum
753 2981 804 3030 in
840 2981 1143 3031 centienem
1181 2982 1342 3041 venit,
1383 2981 1641 3030 iustitium
1678 2983 1852 3043 edicit,
