1956 3242
316 193 374 239 18
828 191 1131 253 Excerpta
1172 190 1392 240 Brevia

308 349 609 390 aerumnae,
652 341 775 396 post
812 350 877 382 ex
914 334 1076 382 fluvio
1114 334 1327 382 fortuna
1365 334 1622 383 resistet’.

308 412 439 460 haec
475 411 681 459 ecfatus
720 419 885 473 pater,
927 420 1202 474 germana,
1246 420 1459 474 repente
1497 413 1714 462 recessit

308 506 404 537 nec
442 497 561 537 sese
598 489 742 537 dedit
780 489 830 536 in
868 497 1212 552 conspectum
1250 491 1407 538 eorde
1444 498 1673 553 cupItus,

252 586 291 616 15
308 583 632 629 quamquam
670 569 838 614 multa
874 579 1063 615 manus
1101 569 1168 615 ad
1205 569 1336 616 caeli
1372 570 1584 617 caerula
1620 570 1818 632 templa

306 646 589 692 tendebam
629 645 910 692 lacrimans
948 653 1000 693 et
1037 646 1233 694 blanda
1268 653 1401 694 voce
1438 648 1713 695 vocabam.

307 722 396 770 vix
433 729 599 785 aegro
637 730 750 770 tum
786 723 944 771 corde
982 730 1101 772 meo
1138 731 1222 772 me
1260 740 1480 772 somnus
1518 723 1762 788 reliquit!

1071 881 1138 932 34

306 1000 394 1048 vix
431 1016 536 1063 ego
575 1001 809 1049 Saturno
847 1017 1169 1063 quemquam
1208 1007 1470 1064 regnante
1506 1001 1770 1061 videbam,

373 1079 523 1126 cuius
562 1086 666 1126 non
704 1078 882 1126 animo
919 1079 1094 1126 dulcia
1130 1080 1277 1128 lucra
1313 1080 1499 1127 forent.

306 1163 544 1218 tempore
622 1156 790 1204 crevit
870 1172 1036 1215 amor,
1112 1163 1203 1219 qui
1273 1173 1412 1205 nune
1482 1164 1564 1206 est
1636 1173 1894 1216 summuS‚

442 1234 699 1281 habendi:

373 1311 462 1359 vix
500 1313 640 1359 ultra
676 1319 783 1374 quo
821 1311 925 1360 iam
963 1312 1336 1375 progrediatur
1372 1313 1548 1362 habet.

269 1389 470 1452 5pluris
508 1397 638 1452 opes
676 1406 815 1438 nunc
851 1398 976 1438 sunt
1013 1407 1172 1453 quam
1212 1397 1371 1453 prisci
1407 1390 1663 1454 temporis
1700 1397 1871 1450 annis,

373 1468 498 1515 dum
537 1468 765 1530 populus
803 1484 1020 1530 pauper,
1062 1469 1188 1515 dum
1226 1485 1367 1516 nova
1405 1469 1578 1516 Roma
1613 1468 1727 1527 fuit,

305 1546 431 1593 dum
469 1562 596 1593 casa
634 1545 994 1609 Martigenam
1030 1546 1275 1608 capiebat
1313 1562 1477 1608 parva
1514 1546 1813 1609 Quirinum,

373 1631 425 1671 et
461 1624 624 1671 dabat
661 1622 915 1686 exiguum
953 1623 1183 1671 fluminis
1221 1625 1344 1672 ulva
1380 1631 1572 1671 torum.

309 1701 544 1763 Iuppiter
580 1709 815 1764 angusta
850 1701 938 1748 vix
975 1708 1122 1749 totus
1161 1704 1339 1749 stabat
1376 1701 1427 1749 in
1466 1703 1612 1760 urbe,

249 1804 290 1837 10
373 1779 531 1842 inque
571 1779 712 1827 Iovis
749 1779 939 1827 dextra
974 1779 1131 1827 fietile
1168 1778 1366 1828 fulmen
1404 1787 1534 1827 erat.

304 1857 579 1906 frondibus
616 1858 882 1905 ornabant
918 1873 1055 1920 quae
1093 1873 1232 1905 nunc
1270 1857 1537 1920 Capitolia
1572 1864 1818 1921 gemmis,

371 1936 732 1998 pascebatque
769 1942 898 1983 suos
936 1934 1049 1997 ipse
1087 1942 1301 1983 senator
1338 1943 1495 1993 oves;

305 2030 400 2062 nec
436 2014 608 2076 pudor
644 2012 694 2060 in
734 2012 931 2075 stipula
967 2013 1229 2075 placidam
1267 2012 1472 2075 cepisse
1509 2013 1740 2076 quietem

372 2100 424 2139 et
461 2091 673 2139 faenum
711 2090 873 2153 capiti
910 2090 1257 2153 supposuisse
1294 2090 1407 2138 fuit.

248 2188 288 2219 15
306 2168 420 2216 iura
455 2169 619 2216 dabat
655 2169 864 2230 populis
902 2168 1079 2230 posito
1118 2169 1277 2217 modo
1313 2176 1526 2231 praetor
1562 2174 1756 2226 aratro,

372 2253 424 2293 et
462 2245 592 2293 levis
630 2252 839 2308 argenti
876 2245 1129 2293 lammina
1165 2252 1361 2294 crimen
1399 2253 1527 2294 erat.

305 2330 360 2370 at
397 2330 682 2384 postquam
720 2322 933 2371 fortuna
970 2324 1071 2371 loci
1107 2330 1267 2385 caput
1304 2322 1491 2370 extulit
1529 2321 1702 2380 huius,

373 2407 425 2447 et
462 2400 640 2463 tetigit
678 2407 888 2448 summo
925 2400 1120 2449 vertice
1159 2400 1331 2448 Roma
1367 2400 1514 2458 deos,

305 2485 584 2526 creverunt
621 2485 672 2525 et
709 2485 839 2539 opes
877 2485 929 2526 et
966 2494 1124 2539 opum
1164 2476 1365 2525 furiosa
1400 2477 1611 2538 cupido,

249 2574 291 2606 20
373 2563 425 2602 et
461 2571 581 2603 cum
621 2555 930 2617 possideant
966 2554 1208 2617 plemma,
1251 2555 1404 2617 plura
1441 2561 1643 2616 petunt.

1069 2705 1133 2755 35

376 2826 434 2872 In
469 2830 702 2888 antiquis
739 2824 1019 2872 annalibus
1058 2824 1313 2873 memoria
1349 2840 1508 2887 super
1543 2823 1688 2872 libris
1727 2823 1894 2888 Sibyl-

306 2903 424 2950 linis
456 2904 584 2950 haec
611 2902 821 2964 prodita
846 2910 943 2949 est.
1021 2918 1155 2950 anus
1185 2902 1400 2965 hospita
1429 2910 1588 2965 atque
1621 2900 1895 2964 incognita

308 2981 374 3031 ad
408 2979 753 3046 Tarquinium
789 2979 1086 3046 Superbum
1123 2986 1304 3043 regem
1334 2978 1480 3037 adiit,
1510 2993 1700 3030 novem
1731 2978 1893 3030 libros
