1956 3242
618 204 918 265 Excerpta
956 200 1173 250 Brevia
1614 215 1675 265 35

110 347 301 411 quibus
342 345 603 403 consules,
647 350 962 400 crearentur,
1008 348 1221 390 cautum
1263 356 1406 389 esse:
1455 339 1678 389 indicem

111 424 247 472 enim
264 424 532 471 consulem
549 421 814 484 appellari.
883 435 1016 482 quae
1034 418 1280 466 refellitur
1296 417 1673 478 interpretatio,
1694 433 1755 466 136

110 500 250 563 quod
283 505 359 548 eis
393 498 716 560 temporibus
750 497 979 544 nondum
1014 495 1282 544 consulem
1316 494 1554 551 iudicem,
1587 495 1678 542 sed

110 583 406 639 praetorem
427 575 678 637 appellari
697 581 812 622 mos
831 573 1016 621 fuerat.
1091 572 1189 619 hae
1208 571 1511 619 consulares
1532 571 1678 632 leges

111 653 270 701 fuere.
314 688 325 699 .
370 688 381 699 .
425 688 437 699 .
481 652 554 698 M.
578 650 803 698 Duillius
823 650 1008 697 deinde
1027 649 1266 696 tribunus
1288 647 1454 709 plebis
1475 648 1679 708 plebem

113 729 320 792 rogavit
367 728 651 790 plebesque
693 727 861 783 scivit,
907 732 997 788 qui
1043 726 1250 787 plebem
1299 724 1410 772 sine
1457 723 1679 771 tribunis

112 805 423 868 reliquisset,
475 810 666 866 quique
719 802 1089 865 magistratum
1144 801 1254 849 sine
1308 800 1679 862 provocatione
1696 816 1756 847 140

112 889 359 940 creasset,
400 888 554 944 tergo
590 896 652 928 ac
686 880 857 942 capite
893 885 1177 941 pfiniretur.

860 1073 926 1124 42

181 1198 314 1245 Cum
340 1196 544 1244 interim
570 1196 751 1243 Gallus
781 1195 994 1257 quidam
1020 1194 1208 1252 nudus,
1239 1199 1445 1255 praeter
1473 1199 1682 1241 scutum

113 1281 165 1322 et
189 1273 397 1335 gladios
428 1273 579 1329 duoS,
609 1280 795 1333 torque
826 1279 983 1333 atque
1013 1271 1227 1318 armillis
1258 1271 1536 1318 decoratus
1566 1276 1684 1330 pro-

113 1350 289 1407 cessit,
324 1356 413 1412 qui
444 1357 496 1396 et
530 1348 726 1396 viribus
759 1356 811 1396 et
844 1347 1207 1410 magnitudine
1240 1355 1292 1394 et
1325 1346 1684 1394 adulescentia

115 1427 373 1488 simulque
397 1426 590 1473 virtute
615 1430 802 1473 ceteris
828 1424 1133 1471 antistabat.
1209 1424 1252 1470 is
1279 1423 1510 1471 maximo
1536 1439 1683 1484 proe-

114 1503 185 1551 lio
210 1509 478 1551 commoto
508 1509 666 1563 atque
695 1508 930 1563 utrisque
960 1507 1168 1548 summo
1198 1500 1374 1548 studio
1404 1498 1720 1562 pugnanti-5

115 1582 231 1637 bus,
280 1590 437 1626 manu
480 1578 777 1641 significare
819 1578 1008 1639 coepit,
1055 1577 1316 1639 utrimque
1358 1576 1685 1638 quiescerent

115 1664 312 1718 pugna.
386 1655 527 1703 facta
568 1671 736 1716 pausa
778 1662 874 1701 est.
950 1654 1216 1714 externplo
1265 1653 1472 1700 silentio
1519 1653 1680 1709 facto,

115 1748 233 1780 cum
254 1739 385 1779 voce
405 1730 634 1778 maxima
649 1731 959 1788 conclamat,
982 1737 1027 1777 si
1045 1730 1162 1792 quis
1183 1737 1360 1777 secum
1381 1731 1686 1792 depugnare

115 1809 287 1866 vellet,
328 1816 386 1855 ut
427 1808 675 1869 prodiret,
717 1814 872 1855 nemo
908 1807 1137 1854 audebat
1172 1814 1385 1868 propter
1423 1806 1685 1868 magnitu-

117 1886 289 1933 dinem
349 1892 507 1946 atque
565 1883 945 1931 immanitatem
1004 1883 1170 1930 faciei.
1260 1883 1446 1930 deinde
1504 1883 1685 1930 Gallus
1701 1902 1742 1933 10

117 1962 329 2009 irridere
382 1968 540 2022 atque
593 1960 828 2022 linguam
881 1967 1163 2007 exsertare.
1239 1959 1291 2006 id
1345 1959 1522 2007 subito
1574 1975 1687 2020 per-

117 2037 337 2086 dolitum
371 2043 452 2084 est
483 2037 544 2083 T.
582 2036 798 2094 Manlio,
837 2042 1044 2083 summo
1076 2051 1267 2098 genere
1301 2043 1443 2093 nato,
1481 2042 1687 2083 tantum

117 2114 376 2176 flagitium
401 2112 602 2161 civitati
626 2112 876 2170 accidere,
906 2128 970 2160 ex
994 2119 1144 2160 tanto
1173 2112 1403 2160 exercitu
1429 2112 1687 2160 neminem

118 2191 340 2253 prodire.
417 2189 478 2247 is,
531 2196 589 2236 ut
636 2190 771 2247 dico,
824 2188 1098 2251 processit,
1150 2205 1317 2251 neque
1370 2205 1560 2250 passus
1608 2196 1689 2236 est

118 2268 364 2316 virtutem
393 2267 689 2314 Romanam
715 2267 782 2313 ab
807 2266 958 2314 Gallo
983 2265 1203 2327 turpiter
1232 2265 1460 2327 spoliari.
1537 2272 1688 2313 scuto
1705 2285 1744 2316 15

119 2346 347 2407 pedestri
383 2351 435 2392 et
470 2343 650 2406 gladio
688 2343 978 2405 Hispanico
1019 2349 1221 2391 cinctus
1262 2350 1447 2391 contra
1482 2343 1687 2390 Gallum

118 2420 370 2470 constitit.
446 2428 588 2468 metu
622 2427 819 2482 magno
844 2436 907 2468 ea
938 2420 1246 2482 congressio
1279 2420 1330 2466 in
1363 2419 1479 2481 ipso
1509 2427 1683 2480 ponte,

120 2504 342 2559 utroque
382 2497 612 2545 exercitu
654 2503 998 2558 inspectante,
1039 2497 1180 2544 facta
1214 2504 1295 2543 est
1337 2496 1426 2553 ita,
1468 2504 1526 2543 ut
1568 2504 1689 2543 ante

120 2576 244 2632 dixi,
267 2572 635 2631 constiterunt,
659 2574 840 2621 Gallus
867 2581 965 2621 sua
988 2573 1263 2634 disciplina
1282 2580 1434 2620 scuto
1454 2572 1690 2634 proiecto

119 2651 503 2708 cantabundus,
549 2650 777 2698 Manlius
816 2650 991 2698 animo
1028 2650 1199 2712 magis
1232 2666 1390 2712 quam
1424 2657 1535 2697 arte
1567 2657 1689 2697 con-
1705 2670 1746 2702 20

120 2728 275 2787 fisus,
322 2734 531 2776 scutum
580 2733 731 2775 scuto
778 2726 1051 2788 percussit,
1105 2734 1262 2788 atque
1310 2734 1507 2773 statum
1555 2727 1689 2773 Galli

121 2803 471 2853 conturbavit.
546 2803 670 2850 dum
719 2810 776 2850 se
823 2803 1004 2850 Gallus
1053 2803 1238 2850 iterum
1292 2803 1475 2850 eodem
1530 2809 1689 2863 pacto

120 2881 440 2930 constituere
466 2880 659 2937 studet,
692 2879 921 2927 Manlius
946 2879 1134 2927 iterum
1165 2887 1372 2927 scutum
1398 2885 1552 2927 scuto
1577 2894 1691 2940 per-

121 2958 269 3013 cutit.
322 2965 480 3020 atque
526 2956 592 3004 de
639 2956 756 3004 loco
807 2955 1069 3004 hominem
1123 2955 1309 3003 iterum
1357 2954 1574 3011 deiecit3
1628 2961 1692 3002 eo
