1956 3242
658 239 957 300 Excerpta
996 237 1212 286 Brevia
1651 243 1714 303 63

151 378 493 439 proficiscitur
507 393 520 436 ;
574 395 740 441 neque
788 387 992 427 noctem
1036 395 1202 441 neque
1243 379 1379 426 diem
1422 378 1607 426 interm
1680 379 1689 389 ⁶

151 455 545 518 peditatumque
582 463 699 504 sese
741 458 991 518 subsequi
1031 455 1188 504 iubet.
1265 464 1318 503 re
1355 456 1718 503 demonstrata

150 532 543 593 Aduatucisque
575 532 868 591 concitatis,
904 540 1117 594 postero
1149 532 1231 580 die
1266 532 1316 579 in
1347 532 1570 580 Nervios
1604 547 1751 594 per-5

150 608 290 655 venit
338 609 697 670 hortaturque,
750 616 814 656 ne
866 615 949 656 sui
1001 609 1051 655 in
1105 617 1411 670 perpetuum
1465 609 1718 657 liberandi

149 691 307 747 atque
343 685 627 733 ulciscendi
664 686 933 733 Romanos
970 693 1064 746 pro
1100 691 1191 742 eis,
1232 694 1363 747 quas
1399 686 1711 747 acceperint,

150 761 349 809 iniuriis
369 761 700 810 occasionem
721 763 1013 809 dimittant:
1051 761 1351 809 interfectos
1371 778 1487 810 esse
1507 763 1716 825 legatos

148 838 283 886 duos
317 846 671 901 magnamque
704 846 905 899 partem
940 838 1196 886 exercitus
1230 838 1470 886 interisse
1502 839 1717 886 demon-

148 921 310 972 strat3
346 915 471 962 nihil
500 931 616 963 esse
647 915 861 977 negotii,
892 915 1067 962 subito
1097 931 1402 976 oppressam
1433 914 1710 977 legionem,
1731 929 1772 961 10

148 1008 283 1054 quae
312 1007 431 1040 cum
464 992 715 1040 Cicerone
748 992 955 1048 hiemet,
991 992 1233 1047 interfici3
1272 999 1329 1038 se
1362 993 1428 1038 ad
1462 1008 1577 1038 eam
1609 1008 1715 1039 rem

149 1069 423 1130 profitetur
475 1069 783 1116 adiutorem.
859 1068 1009 1116 facile
1062 1069 1159 1115 hac
1217 1068 1455 1116 oratione
1509 1068 1715 1116 Nerviis

149 1145 445 1206 persuadet.
1668 1156 1673 1158 ·

218 1223 402 1284 Itaque
448 1221 725 1270 confestim
768 1221 998 1268 dimissis
1046 1220 1241 1268 nuntiis
1290 1221 1355 1267 ad
1403 1221 1711 1278 Ceutrones,

148 1299 394 1357 Grudios,
469 1299 719 1355 Levacos,
792 1297 1142 1354 Pleumoxios,
1214 1297 1553 1355 Geidumnos‚
1627 1304 1770 1359 qui15

148 1383 331 1423 omnes
385 1376 483 1423 sub
536 1382 716 1422 eorum
770 1373 988 1436 imperio
1046 1380 1184 1432 sunt,
1244 1390 1401 1435 quam
1456 1374 1715 1422 maximas

147 1463 335 1500 manus
387 1459 610 1514 possunt
656 1458 856 1513 cogunt
903 1458 955 1498 et
1001 1451 1067 1498 de
1119 1450 1405 1511 improviso
1457 1452 1523 1498 ad
1572 1451 1715 1499 Cice-

149 1529 289 1577 ronis
336 1530 553 1577 hiberna
599 1528 864 1586 advolant,
911 1527 1143 1575 nondum
1192 1527 1258 1574 ad
1301 1543 1418 1574 eum
1467 1527 1610 1575 fama
1651 1529 1715 1575 de

146 1605 334 1653 Titurii
382 1612 548 1654 morte
597 1605 814 1666 perlata.
891 1605 1010 1652 huic
1058 1619 1266 1666 quoque
1315 1603 1520 1660 accidit,
1574 1605 1715 1665 quod

148 1682 244 1730 fuit
271 1698 500 1740 necesse,
533 1688 590 1729 ut
615 1681 849 1729 nonnulli
873 1680 1081 1738 milites,
1106 1686 1196 1742 qui
1220 1680 1524 1742 lignationis
1550 1687 1713 1727 muni·
1731 1698 1771 1730 20

147 1759 411 1821 tionisque
463 1766 625 1806 causa
677 1757 726 1804 in
782 1757 942 1805 silvas
1000 1756 1384 1814 discessissent,
1443 1763 1714 1818 repentino

148 1835 383 1896 equitum
418 1834 647 1881 adventu
690 1833 1133 1894 interciperentur.
1209 1833 1289 1879 his
1326 1832 1710 1890 circumventis,

150 1919 347 1974 magna
403 1920 561 1957 manti
627 1910 917 1966 Eburones,
982 1908 1176 1965 Nervii,
1240 1908 1502 1956 Aduatuci
1559 1916 1717 1971 atque

150 1989 335 2036 horum
366 1986 597 2035 omnium
628 1985 755 2033 socii
784 1993 835 2033 et
864 1984 1080 2033 clientes
1114 1984 1375 2047 legionem
1409 1994 1717 2047 oppugnare

149 2063 417 2126 incipiunt.
515 2069 682 2110 nostri
746 2062 979 2110 celeriter
1041 2062 1108 2109 ad
1171 2077 1320 2109 arma
1380 2071 1711 2120 concurrunt,
1733 2079 1772 2110 25

149 2142 343 2189 vallum
368 2139 741 2188 conscendunt.
817 2145 976 2200 aegre
1002 2137 1045 2185 is
1071 2138 1183 2186 dies
1209 2145 1551 2197 sustentatur,
1577 2140 1716 2201 quod

149 2234 357 2266 omnem
407 2232 553 2278 spem
602 2216 782 2263 hostes
830 2215 880 2262 in
928 2214 1193 2263 celeritate
1246 2217 1512 2277 ponebant
1560 2223 1717 2278 atque

150 2296 284 2343 hanc
316 2294 494 2356 adepti
525 2292 796 2341 victoriam
830 2291 881 2339 in
915 2299 1223 2354 perpetuum
1257 2299 1314 2340 se
1346 2292 1456 2340 fore
1488 2292 1716 2341 victores

149 2371 507 2419 confidebant.

219 2448 502 2495 Mittuntur
559 2445 626 2493 ad
679 2445 959 2493 Caesarem
1012 2444 1289 2493 confestim
1347 2446 1414 2493 ab
1468 2445 1717 2494 Cicerone
1733 2465 1773 2496 3ο

151 2525 370 2582 litterae,
409 2529 618 2585 magnis
654 2522 938 2584 propositis
974 2523 1236 2584 praemiis,
1272 2529 1317 2570 si
1352 2523 1716 2584 pertulissent;

151 2602 383 2648 obsessis
437 2599 679 2647 omnibus
727 2599 825 2647 viis
878 2605 1026 2647 missi
1075 2599 1484 2660 intercipiuntur.
1560 2608 1718 2648 noctu

152 2694 216 2726 ex
246 2676 481 2735 materia,
519 2692 678 2739 quam
712 2676 1014 2724 munitionis
1047 2685 1210 2724 causa
1240 2684 1714 2737 comportaverant,

150 2760 322 2803 turres
353 2753 637 2801 admodum
662 2766 775 2800 cxx
800 2753 1092 2801 excitantur
1117 2753 1403 2801 incredibili
1427 2753 1717 2811 celeritate;

151 2846 286 2893 quae
327 2830 511 2878 deesse
552 2835 698 2891 operi
737 2829 1065 2888 videbantur,
1111 2829 1462 2890 perficiuntur.
1537 2830 1717 2878 hostes
1734 2848 1775 2879 35

152 2915 366 2970 postero
411 2907 495 2956 die
543 2907 709 2954 multo
757 2906 1040 2954 maioribus
1087 2912 1284 2954 coactis
1332 2906 1497 2968 copiis
1544 2914 1720 2954 castra

153 2992 481 3051 oppugnant,
527 2984 726 3033 fossam
768 2985 1045 3049 complent.
1121 2985 1303 3033 eadem
1353 2983 1568 3041 ratione,
1615 2993 1718 3051 qua

1843 389 1866 453 i,
