1956 3242
258 196 322 246 54
775 179 1079 241 Excerpta
1119 177 1339 227 Brevia

256 331 364 373 non
413 331 472 373 se
521 324 648 371 luxu
696 340 867 387 neque
920 322 1140 371 inertiae
1190 322 1634 384 corrumpendum
1683 321 1845 381 dedit,

257 402 368 461 sed,
422 408 499 450 uti
552 409 671 450 mos
727 401 905 465 gentis
959 400 1097 449 illius
1150 407 1249 460 est,
1302 400 1558 464 equitare,
1611 398 1845 458 iaculari,

256 491 415 529 cursu
453 496 574 528 cum
606 478 919 542 aequalibus
955 486 1175 537 certare,
1206 486 1260 527 et
1295 494 1416 527 cum
1453 484 1640 526 omnes
1676 476 1852 540 gloria

257 564 498 615 anteiret,
530 557 777 606 omnibus
803 564 982 604 tamen
1008 565 1165 605 carus
1191 573 1337 605 esse:
1375 556 1443 604 ad
1474 555 1575 604 hoc
1601 555 1852 618 pleraque

201 649 241 680 35
258 643 501 698 tempora
531 635 582 683 in
608 635 856 684 venando
882 651 1061 699 agere,
1092 635 1299 684 leonem
1326 634 1458 682 alias
1483 633 1624 682 feras
1650 639 1852 696 primus

258 720 350 761 aut
387 713 439 760 in
477 719 661 775 primis
694 713 875 762 ferire:
920 712 1310 775 plurimumque
1346 712 1537 770 facere,
1577 710 1852 759 minimum

258 791 371 853 ipse
420 791 486 839 de
535 798 594 839 se
643 791 803 854 loqui.
903 790 1096 854 quibus
1146 792 1304 839 rebus
1363 789 1591 852 Micipsa
1638 794 1854 837 tametsi

257 868 408 916 initio
455 869 628 916 laetus
670 868 860 928 fuerat,
908 868 1222 917 existimans
1265 867 1515 916 virtutem
1562 866 1854 930 Iugurthae

259 953 429 1009 regno
472 953 573 994 suo
614 946 818 1010 gloriae
860 947 989 1004 fore,
1032 953 1212 994 tamen
1255 952 1543 1008 postquam
1586 944 1854 993 hominem

201 1037 243 1069 40
259 1025 672 1082 adulescentem,
721 1031 913 1072 exacta
960 1032 1061 1072 sua
1102 1031 1280 1072 aetate
1328 1030 1381 1072 et
1427 1029 1607 1085 parvis
1655 1022 1850 1081 liberis,

259 1102 434 1165 magis
478 1102 759 1165 magisque
801 1109 1039 1151 crescere
1082 1101 1360 1165 intellegit,
1407 1101 1746 1150 vehementer
1788 1107 1855 1149 eo

259 1180 482 1244 negotio
526 1187 803 1243 permotus
847 1180 1016 1228 multa
1057 1197 1179 1228 cum
1222 1180 1402 1228 animo
1444 1187 1544 1228 suo
1582 1179 1850 1228 volvebat.

259 1261 492 1308 terrebat
518 1275 639 1307 eum
665 1266 859 1307 natura
883 1258 1187 1307 mortalium
1213 1258 1372 1306 avida
1397 1256 1601 1319 imperii
1626 1263 1679 1305 et
1709 1272 1857 1319 prae-

260 1353 384 1399 ceps
422 1338 491 1385 ad
528 1337 844 1399 explendam
882 1336 1045 1384 animi
1086 1335 1404 1398 cupidinem,
1446 1342 1724 1397 praeterea
1764 1350 1858 1396 op-

203 1428 244 1460 45
260 1414 563 1479 portunitas
619 1431 749 1462 suae
806 1415 1197 1477 liberorumque
1245 1413 1456 1471 aetatis,
1510 1428 1647 1476 quae
1696 1411 1857 1460 etiam

261 1493 555 1542 mediocres
581 1492 725 1541 viros
751 1499 846 1554 spe
872 1492 1101 1555 praedae
1127 1498 1468 1539 transversos
1495 1490 1627 1554 agit,
1660 1490 1728 1539 ad
1758 1490 1859 1539 hoc

261 1571 442 1620 studia
471 1570 825 1619 Numidarum
856 1570 908 1618 in
942 1569 1259 1634 Iugurtham
1289 1577 1532 1627 accensa,
1567 1585 1633 1616 ex
1665 1567 1859 1631 quibus

262 1656 308 1698 si
341 1650 503 1698 talem
529 1649 701 1697 virum
735 1649 871 1698 dolis
906 1647 1275 1705 interfecisset,
1308 1654 1373 1696 ne
1404 1663 1510 1709 qua
1540 1645 1736 1695 seditio
1766 1652 1860 1694 aut

262 1728 458 1776 bellum
484 1734 711 1776 oriretur
735 1726 927 1775 anxius
954 1733 1082 1775 erat.
1160 1725 1324 1789 igitur
1353 1725 1493 1774 bello
1529 1725 1861 1772 Numantino

205 1822 247 1853 50
266 1805 494 1868 Micipsa
520 1822 642 1854 cum
668 1805 867 1868 populo
899 1805 1146 1853 Romano
1171 1803 1409 1867 equitum
1435 1811 1596 1867 atque
1622 1801 1860 1865 peditum

263 1883 461 1932 auxilia
495 1890 745 1941 mitteret,
777 1890 1001 1946 sperans
1027 1883 1110 1930 vel
1145 1882 1469 1931 ostentando
1500 1881 1751 1930 virtutem
1778 1880 1861 1929 vel

263 1962 497 2011 hostium
524 1961 749 2010 saevitia
774 1961 926 2010 facile
953 1969 1286 2020 occasurum,
1311 1959 1565 2023 praefecit
1591 1958 1856 2017 Numidis,

264 2048 400 2104 quos
427 2040 478 2088 in
509 2039 827 2102 Hispaniam
854 2041 1114 2088 mittebat.
1189 2039 1283 2087 sed
1308 2055 1373 2087 ea
1403 2045 1486 2087 res
1518 2038 1679 2101 longe
1710 2036 1863 2086 aliter

265 2136 326 2168 ac
361 2126 508 2167 ratus
541 2125 655 2167 erat
686 2117 878 2167 evenit.

208 2215 248 2246 55
335 2197 415 2245 Ea
450 2203 770 2259 tempestate
804 2196 855 2243 in
890 2195 1124 2244 exercitu
1159 2202 1344 2244 nostro
1377 2194 1523 2243 fuere
1559 2194 1861 2255 complures

266 2281 388 2323 novi
425 2281 586 2337 atque
619 2274 841 2333 nobiles,
872 2274 1065 2336 quibus
1099 2273 1314 2322 divitiae
1351 2274 1494 2322 bono
1530 2273 1862 2334 honestoque

266 2352 500 2414 potiores
537 2360 704 2410 erant,
747 2351 958 2400 factiosi
994 2352 1155 2410 domI,
1198 2358 1445 2414 potentes
1483 2351 1624 2413 apud
1662 2349 1853 2399 socios.

265 2431 393 2478 clari
426 2430 601 2494 magis
627 2446 788 2492 quam
815 2430 1041 2489 honesti,
1073 2436 1163 2492 qui
1199 2430 1491 2493 Iugurthae
1525 2436 1631 2477 non
1665 2427 1863 2477 medio-

266 2525 406 2556 crem
451 2508 686 2556 animum
729 2508 1073 2571 pollicitando
1115 2508 1495 2566 accendebant,
1544 2514 1590 2555 si
1634 2506 1864 2569 Micipsa

211 2605 250 2636 60
268 2594 359 2634 rex
396 2585 696 2645 occidisset,
737 2586 849 2635 fore
882 2592 959 2634 uti
993 2586 1140 2634 solus
1174 2585 1379 2648 imperii
1412 2584 1696 2633 Numidiae
1728 2590 1864 2647 poti-

268 2671 438 2711 retur:
501 2663 551 2711 in
602 2663 720 2726 ipso
768 2663 1058 2712 maximam
1107 2663 1375 2721 virtutem,
1432 2663 1635 2711 Romae
1683 2660 1865 2711 omnia

266 2741 475 2789 venalia
523 2757 656 2789 esse.
752 2741 846 2789 sed
894 2748 1181 2803 postquam
1231 2739 1527 2788 Numantia
1574 2739 1752 2788 deleta
1799 2738 1856 2786 P.

269 2819 447 2881 Scipio
483 2819 741 2867 donatum
776 2826 937 2881 atque
974 2819 1249 2867 laudatum
1287 2817 1569 2881 magnifice
1606 2823 1702 2879 pro
1737 2822 1864 2864 con-

269 2896 411 2945 tione
441 2897 755 2960 Iugurtham
782 2896 833 2944 in
860 2896 1185 2959 praetorium
1205 2895 1428 2944 abduxit
1453 2895 1629 2958 ibique
1654 2900 1864 2943 secreto

212 2994 252 3025 65
270 2975 491 3035 monuit,
521 2982 599 3024 uti
635 2975 815 3039 potius
851 2976 1060 3038 publice
1093 2992 1255 3040 quam
1291 2974 1538 3039 privatim
1576 2972 1863 3023 amicitiam
