1956 3242
604 222 903 285 Excerpta
942 221 1158 272 Brevia
1595 225 1654 274 81

94 362 266 425 capite
293 370 345 412 et
373 363 564 426 crispa,
593 364 738 412 voltu
773 364 1104 422 reverendus,
1134 370 1360 412 can6rus
1389 371 1536 422 vace,
1567 367 1658 413 sed

93 434 276 489 Afrum
309 441 558 504 quiddam
591 452 757 504 nsque
786 442 852 489 ad
886 449 1208 490 senectutem
1241 450 1454 490 sonans.
1673 456 1714 487 45

161 518 295 566 Sunt
326 534 419 580 per
447 518 697 580 plurimas
727 518 967 567 civitates
1000 534 1160 581 opera
1192 519 1436 582 insignia.
1512 528 1659 582 mag-

92 610 217 642 num
238 602 364 643 vers)
389 594 516 642 illud
542 595 592 642 in
612 602 721 643 VIta
745 595 874 653 eius,
899 596 1040 657 quod
1069 596 1268 644 Romae
1293 603 1475 644 omnes
1501 597 1659 645 aedes

92 671 344 734 publicas,
369 687 503 733 quae
524 671 652 719 vitia
678 680 972 733 temporum
995 673 1321 730 labebantur,
1346 673 1660 721 instauravit

92 759 351 810 nusquam
376 764 538 810 prope
563 755 663 796 suc)
689 748 898 796 nemine
922 749 1206 811 adscripta,
1235 756 1457 798 servatis
1482 759 1659 797 tamen

91 826 282 887 ubique
306 824 472 872 titulis
496 825 841 873 conditorum.
918 826 1146 874 moriens
1177 833 1378 888 septem
1403 833 1658 874 annerum
1674 842 1714 873 50

90 909 364 960 canonem,
399 902 473 950 ita
503 909 562 949 ut
592 902 856 950 cotidiana
888 903 1230 966 septuaginta
1257 909 1486 966 quinque
1518 903 1661 951 milia

91 978 322 1026 modium
352 979 574 1040 expendi
607 986 840 1040 possent,
872 979 1104 1042 reliquit;
1143 980 1244 1028 olei
1272 986 1398 1028 vera
1430 987 1654 1038 tantum,

90 1063 147 1102 ut
180 1071 271 1117 per
302 1055 712 1118 quinquennium
743 1062 846 1103 nc‘m
877 1056 1047 1103 salum
1078 1055 1222 1104 urbis
1252 1056 1451 1114 usibus,
1482 1057 1573 1105 sed
1606 1063 1659 1105 et

88 1138 252 1180 tetius
289 1125 487 1190 italiae,
519 1148 653 1195 quae
687 1132 803 1180 olef)
837 1140 975 1195 eget,
1006 1133 1281 1181 sufficeret.

159 1208 358 1256 Ultima
395 1210 555 1256 verba
593 1208 705 1257 eius
744 1209 987 1257 dicuntur
1029 1209 1158 1257 haec
1195 1208 1383 1257 fuisse:
1429 1210 1657 1258 ‘Turba-
1672 1224 1712 1256 65

88 1292 195 1333 tam
234 1301 342 1333 rem
374 1301 424 1347 p.
459 1287 652 1347 ubique
687 1292 882 1347 accepi,
920 1293 1164 1348 pacatam
1200 1286 1358 1334 etiam
1394 1286 1657 1335 Britannis

89 1361 339 1424 relinqua,
373 1377 534 1409 senex
571 1377 634 1410 ac
671 1362 891 1423 pedibus
931 1378 1092 1425 aeger
1129 1362 1344 1410 firmum
1384 1363 1658 1425 imperium

86 1438 365 1486 Antoninis
391 1444 520 1486 meis
547 1438 861 1501 relinquam,
886 1454 948 1487 ac
972 1441 1097 1488 boni
1120 1447 1290 1498 erunt,
1320 1439 1651 1498 imbecillum,

86 1521 131 1562 si
167 1515 291 1562 mali
307 1515 335 1562 ’.
410 1514 565 1563 iussit
596 1515 783 1564 deinde
816 1523 1028 1579 signum
1060 1516 1272 1565 tribuno
1305 1517 1419 1565 dari
1456 1520 1468 1543 ‘
1490 1518 1656 1566 Laba-

87 1591 300 1648 remus,’
326 1591 450 1654 quia
486 1592 750 1651 Pertinax,
780 1593 993 1655 quando
1029 1593 1080 1641 in
1117 1593 1389 1656 imperium
1420 1586 1690 1643 adscitus⁶

85 1676 183 1725 est,
224 1674 435 1730 signum
472 1668 688 1717 dederat
728 1670 1096 1718 ‘Militemus'.

152 1744 358 1806 Corpus
383 1744 495 1792 eius
521 1753 554 1793 a
580 1746 852 1795 Britannia
878 1746 1103 1795 Ramam
1124 1757 1291 1809 usque
1316 1763 1433 1796 cum
1458 1755 1657 1809 magna

86 1820 481 1882 pravincialium
537 1822 830 1872 reverentia
886 1831 1189 1885 susceptum
1246 1831 1352 1881 est3
1412 1831 1654 1886 quamvis

86 1897 245 1960 aliqui
282 1898 522 1945 urnulam
561 1914 775 1947 auream
813 1906 1018 1947 tantum
1059 1900 1221 1948 fuisse
1259 1901 1435 1948 dicant
1476 1901 1655 1948 Severi

87 1974 329 2036 reliquias
377 1974 730 2023 continentem
778 1978 1102 2039 eandemque
1143 1977 1525 2025 Antaninarum
1575 1993 1654 2024 se·
1668 1994 1709 2026 65

86 2052 303 2113 pulchra
340 2051 573 2110 inlatam,
610 2069 729 2101 cum
768 2054 1051 2116 Septimius
1089 2053 1206 2111 illic,
1245 2053 1332 2101 ubi
1364 2059 1476 2101 vita
1510 2053 1654 2101 func-

85 2136 172 2175 tus
208 2134 306 2185 est,
343 2136 483 2177 esset
519 2128 780 2178 incensus.

838 2248 904 2300 6⁷

556 2338 641 2387 DE
679 2338 918 2387 Insrrrm
953 2352 1018 2386 ET
1055 2339 1187 2388 IORE

1691 1587 1711 1619 0

154 2436 362 2485 Iustitia
385 2444 466 2486 est
490 2445 743 2487 canstans
768 2446 820 2487 et
845 2448 1097 2501 perpetua
1121 2441 1366 2488 voluntas
1392 2440 1473 2488 ius
1498 2456 1649 2488 suum

85 2519 271 2576 cuique
295 2513 546 2562 tribuens.
612 2515 737 2563 iuris
763 2517 1039 2577 prudentia
1063 2524 1144 2564 est
1174 2518 1467 2564 divinarum
1494 2524 1651 2579 atque

85 2590 430 2638 humanarum
458 2599 629 2639 rerum
650 2592 852 2650 netitia,
877 2593 1000 2641 iusti
1025 2602 1182 2656 atque
1208 2594 1386 2642 iniusti
1412 2594 1644 2642 scientia.

155 2667 253 2714 His
285 2668 598 2729 generaliter
630 2669 857 2731 cagnitis
890 2679 942 2718 et
978 2670 1342 2732 incipientibus
1379 2673 1531 2719 nabis
1564 2687 1651 2718 ex-

84 2749 277 2804 panere
332 2743 445 2791 iura
495 2745 674 2806 populi
731 2745 958 2794 Ramani
1014 2747 1088 2794 ita
1134 2747 1360 2795 maxime
1408 2747 1687 2799 videnturfi

84 2834 241 2881 posse
266 2821 404 2868 tradi
428 2821 869 2881 commodissima,
901 2829 946 2870 si
977 2831 1147 2885 prims)
1181 2825 1282 2872 levi
1314 2840 1376 2872 ac
1406 2824 1645 2885 simplici,

84 2903 206 2957 post
251 2896 437 2945 deinde
478 2897 881 2959 diligentissima
921 2908 1078 2963 atque
1119 2901 1457 2949 exactissima
1495 2900 1649 2948 inter-

84 2973 375 3034 pretatibne
411 2973 622 3036 singula
656 2976 944 3024 tradantur.

247 3046 400 3089 (nou)
1452 3049 1486 3083 e
