1956 3242
640 237 940 299 Excerpta
979 235 1195 286 Brevia
1634 240 1691 285 61

133 377 307 425 siones
343 377 555 435 habent,
595 378 700 426 alia
735 377 936 426 ratione
976 378 1084 425 nlla
1124 377 1256 425 salvi
1296 392 1412 424 esse
1454 383 1692 437 possunt.

131 454 271 516 quod
308 460 352 500 si
388 454 644 502 maturius
681 455 851 503 facere
892 455 1198 512 voluissent,
1239 469 1423 516 neque,
1466 453 1516 500 id
1557 453 1698 515 quod

131 530 500 578 stultissimum
533 540 629 589 est,
667 540 866 580 certare
901 548 1020 579 cum
1053 537 1226 579 usuris
1262 530 1517 578 fructibus
1553 546 1699 591 prae-

131 608 354 664 diorum,
396 615 448 655 et
483 608 909 669 locupletioribus
946 609 1027 655 his
1068 615 1120 655 et
1156 607 1459 656 melioribus
1496 607 1697 654 civibus
1713 621 1754 652 20

131 692 410 732 uteremur.
489 686 581 732 sed
636 686 797 733 hosce
850 685 1086 733 homines
1140 684 1350 732 minime
1402 691 1534 745 puto
1587 699 1698 744 per-

131 761 499 819 timescendos,
556 763 697 824 quod
750 770 842 809 aut
900 763 1087 809 deduci
1139 762 1204 809 de
1263 760 1524 809 sententia
1580 776 1699 821 pos-

131 846 269 895 sunt,
327 846 436 896 aut‚
494 844 540 885 si
595 840 992 899 permanebunt,
1051 837 1222 899 magis
1275 837 1399 884 mihi
1458 836 1700 884 videntur

131 922 259 963 vota
323 915 512 963 facturi
575 923 760 962 contra
826 931 932 962 rem
998 914 1261 975 publicam
1327 929 1485 976 quam
1552 929 1700 960 arma

132 991 302 1039 laturi.
378 992 598 1039 alterum
645 1007 815 1053 genus
857 998 937 1038 est
978 997 1178 1048 eorum,
1225 996 1330 1052 qui,
1378 1005 1697 1052 quamquam
1713 1005 1753 1036 25

131 1075 438 1128 premuntur
468 1083 587 1115 aere
616 1067 803 1124 alieno,
838 1067 1249 1115 dominationem
1279 1073 1456 1114 tamen
1486 1081 1698 1126 exspec-

131 1151 262 1201 tant,
305 1151 476 1192 rerum
512 1150 667 1206 potiri
707 1144 907 1201 volunt,
949 1144 1195 1200 honore5‚
1236 1149 1370 1204 quos
1406 1142 1586 1203 quieta
1622 1149 1698 1189 re-

132 1220 340 1281 publica
397 1221 695 1282 desperant,
753 1221 1060 1282 perturbata
1118 1226 1175 1266 se
1233 1225 1485 1280 consequi
1542 1234 1698 1279 posse

131 1297 463 1345 arbitrantur.
562 1297 751 1359 quibus
818 1297 918 1344 hoc
983 1295 1405 1357 praecipiendum
1473 1294 1693 1352 videtur,

131 1385 292 1421 unum
340 1374 535 1421 scilicet
582 1381 634 1421 et
681 1373 818 1421 idem
870 1373 1011 1434 quod
1065 1372 1276 1434 reliquis
1329 1371 1589 1429 omnibus,
1642 1379 1698 1419 ut
1714 1387 1754 1418 30

130 1451 410 1511 desperent
456 1449 525 1508 id,
576 1451 717 1512 quod
770 1456 1044 1506 conantur,
1098 1456 1155 1496 se
1208 1454 1460 1510 consequi
1513 1464 1696 1509 posse:

131 1533 354 1587 primum
373 1526 605 1574 omnium
631 1533 714 1574 me
740 1525 910 1587 ipsum
937 1526 1172 1587 vigilare,
1197 1525 1400 1582 adesse,
1426 1524 1699 1586 providere

132 1603 470 1665 reipublicae;
518 1603 703 1651 deinde
752 1610 978 1665 magnos
1031 1603 1235 1650 animos
1286 1618 1402 1649 esse
1450 1601 1498 1647 in
1548 1603 1699 1648 bonis

131 1680 271 1738 viris,
313 1688 562 1742 magnam
604 1680 937 1728 concordiam
980 1680 1031 1726 in
1075 1678 1305 1726 maxima
1346 1678 1694 1735 multitudine,

132 1765 357 1818 magnas
387 1763 657 1817 praeterea
688 1755 870 1817 copias
903 1755 1151 1812 militum;
1191 1755 1321 1802 deos
1350 1754 1574 1816 denique
1608 1754 1699 1800 im·
1715 1770 1755 1802 35

133 1834 381 1881 mortales
434 1834 552 1880 huic
605 1833 800 1880 invicto
854 1834 1065 1894 populo,
1117 1831 1409 1880 clarissimo
1462 1831 1695 1892 imperio,

133 1909 508 1970 pulcherrimae
544 1910 659 1956 urbi
693 1916 879 1956 contra
913 1916 1115 1956 tantam
1157 1908 1262 1955 vim
1304 1907 1514 1956 sceleris
1555 1923 1701 1968 prae-

133 1993 310 2034 sentes
347 1986 596 2033 auxilium
639 2001 755 2033 esse
791 1986 1007 2032 laturos.
1083 1986 1224 2046 quod
1261 1991 1306 2032 si
1341 1984 1446 2031 iam
1488 1983 1593 2031 sint
1628 1984 1696 2040 id,

133 2063 274 2124 quod
315 2078 434 2110 cum
477 2069 684 2109 summo
725 2062 899 2109 furore
946 2061 1178 2123 cupiunt,
1225 2062 1418 2122 adepti,
1464 2076 1589 2107 num
1632 2060 1703 2107 illi

134 2138 184 2186 in
220 2139 391 2187 cinere
432 2138 575 2186 urbis
617 2145 670 2186 et
711 2138 761 2185 in
805 2138 1062 2200 sanguine
1103 2138 1310 2194 civium,
1352 2153 1486 2198 quae
1528 2143 1757 2184 mente40

133 2215 492 2264 conscelerata
517 2230 578 2262 ac
603 2213 801 2262 nefaria
825 2220 1252 2275 concupiverunt,
1284 2221 1341 2261 se
1370 2214 1615 2262 consules
1641 2229 1702 2261 ac

134 2292 420 2340 dictatores
467 2298 559 2339 aut
606 2290 764 2338 etiam
813 2298 967 2352 reges
1016 2298 1233 2352 sperant
1286 2290 1526 2338 futuros?
1597 2297 1701 2337 non

136 2369 312 2417 vident
354 2368 406 2415 id
448 2375 504 2415 se
551 2383 757 2428 cupere,
804 2368 945 2429 quod
993 2374 1036 2414 si
1084 2368 1261 2428 adepti
1308 2367 1428 2424 sint,
1475 2366 1702 2429 fugitivo

135 2446 290 2493 alicui
336 2452 427 2492 aut
473 2444 756 2506 gladiatori
796 2445 1011 2492 concedi
1059 2444 1127 2491 sit
1174 2445 1421 2492 neeesse?
1492 2444 1701 2491 tertium

135 2538 305 2584 genus
337 2529 418 2569 est
450 2528 624 2569 aetate
661 2521 763 2567 iam
797 2520 1076 2578 adfectum,
1112 2522 1204 2568 sed
1240 2529 1416 2568 tamen
1453 2520 1758 2568 exercita-45

136 2598 277 2646 tione
311 2599 603 2654 robustum,
637 2604 744 2659 quo
778 2613 841 2645 ex
874 2613 1065 2658 genere
1099 2597 1196 2645 iste
1229 2604 1310 2645 est
1342 2598 1588 2653 Manlius,
1621 2604 1705 2644 cui

137 2690 274 2722 nunc
299 2673 526 2721 Catilina
550 2673 809 2721 succedit:
848 2682 968 2720 sunt
994 2674 1234 2721 homines
1264 2690 1329 2721 ex
1358 2681 1433 2721 eis
1463 2674 1698 2731 coloniis,

136 2758 269 2812 quas
319 2750 464 2798 Sulla
510 2749 783 2798 constituit
797 2764 809 2807 ;
864 2758 997 2811 quas
1044 2766 1146 2812 ego
1193 2749 1465 2797 universas
1513 2750 1704 2797 civium

136 2843 253 2875 esse
277 2827 595 2889 optimorum
620 2833 672 2874 et
696 2826 1099 2874 fortissimorum
1130 2826 1359 2874 virorum
1391 2827 1579 2884 sentio,
1611 2827 1703 2874 sed

137 2911 313 2951 tamen
338 2909 385 2951 ei
411 2909 533 2951 sunt
552 2902 742 2961 coloni,
766 2909 856 2964 qui
881 2910 937 2950 se
963 2903 1013 2950 in
1039 2910 1320 2965 insperatis
1341 2919 1402 2951 ac
1423 2910 1704 2965 repentinis
1719 2919 1761 2952 50

138 2980 370 3044 pecuniis
423 2979 785 3044 sumptuosius
838 2981 1248 3045 insolentiusque
1302 2981 1576 3030 iactarunt.
1653 2981 1706 3030 hi
