1956 3242
257 220 319 269 32
774 206 1079 270 Excerpta
1119 206 1340 258 Brevia

256 346 454 395 tudinis
485 356 800 410 praecavere
831 349 1092 398 iubentur.
1169 349 1392 412 profecti
1420 348 1622 413 gaudio
1646 348 1851 413 ingenti

199 441 242 474 30
257 425 425 487 plebis
459 425 510 473 in
541 434 721 474 castra
756 427 1102 489 accipiuntur,
1139 427 1335 490 quippe
1366 427 1675 475 liberatores
1707 428 1849 475 haud

256 503 415 551 dubie
451 511 503 551 et
540 511 718 552 motus
756 504 906 553 initie
943 512 995 553 et
1032 505 1177 553 exitu
1211 511 1300 553 rei.
1377 507 1447 554 ob
1483 506 1614 554 haec
1650 510 1726 553 eis
1759 505 1850 553 ad-

256 580 588 630 venientibus
636 582 843 644 gratiae
890 591 1043 631 actae
1057 599 1070 641 ;
1134 583 1310 632 Icilius
1363 590 1462 645 pro
1515 581 1850 632 multitudine

260 661 418 707 verba
459 659 601 707 facit.
679 661 835 718 idem,
877 676 996 708 cum
1035 662 1102 709 de
1137 661 1538 710 condicionibus
1576 667 1846 724 ageretur,

257 737 634 798 quaerentibus
683 738 896 800 legatis,
943 754 1080 801 quae
1122 739 1395 800 postulata
1437 738 1606 800 plebis
1649 745 1845 796 essent,

202 814 556 876 35composito
599 815 703 863 iam
752 823 876 864 ante
924 817 1212 864 adventum
1261 816 1561 879 legaterum
1604 815 1844 875 consilis),

257 906 320 939 ea
352 892 661 955 postulavit,
700 900 759 940 ut
794 900 1092 955 appareret,
1131 893 1183 941 in
1221 893 1489 956 aequitate
1524 900 1697 941 rerum
1730 893 1850 955 plus

256 986 415 1032 quam
465 970 516 1017 in
566 977 728 1018 armis
778 977 961 1033 reponi
1008 977 1136 1033 spei.
1213 978 1537 1033 potestatem
1580 970 1718 1019 enim
1761 970 1850 1018 tri-

256 1048 521 1096 buniciam
570 1049 1114 1112 provocationemque
1162 1050 1490 1111 repetebant,
1543 1064 1680 1111 quae
1727 1055 1850 1097 ante

257 1126 585 1175 decemviros
622 1135 832 1175 creatos
870 1127 1067 1175 auxilia
1102 1126 1272 1190 plebis
1308 1126 1534 1183 fuerant,
1576 1133 1628 1174 et
1665 1133 1730 1175 ne
1766 1132 1852 1175 cui

199 1213 242 1245 40
258 1203 429 1251 fraudi
488 1212 631 1252 esset
690 1211 931 1253 concisse
990 1204 1185 1253 milites
1239 1212 1331 1252 aut
1385 1204 1592 1266 plebem
1646 1204 1714 1252 ad
1775 1220 1850 1252 re-

257 1282 540 1342 petendam
591 1298 683 1343 per
731 1282 1089 1330 secessionem
1139 1283 1454 1330 libertatem.
1531 1282 1598 1329 de
1645 1281 1850 1330 decem-

258 1358 489 1406 virorum
524 1359 683 1407 modo
717 1359 978 1422 supplicio
1014 1366 1170 1408 atrex
1203 1360 1530 1421 postulatum
1565 1358 1690 1416 fuit;
1727 1359 1851 1407 dedi

256 1436 450 1498 quippe
499 1443 591 1485 eos
640 1453 870 1499 aequum
912 1439 1221 1495 censebant,
1268 1442 1525 1499 vivosque
1573 1442 1687 1499 igni
1727 1451 1849 1484 con-

256 1521 586 1562 crematuros
623 1515 977 1563 minabantur.
1055 1515 1221 1577 legati
1257 1515 1326 1562 ad
1362 1530 1452 1562 ea:
1502 1514 1688 1576 ‘Quae
1724 1520 1850 1563 cen-

200 1603 241 1635 45
258 1591 359 1639 silii
395 1592 624 1650 fuerunt,
666 1593 801 1640 adeo
843 1608 1015 1655 aequa
1050 1591 1382 1655 postulastis,
1426 1600 1484 1639 ut
1521 1592 1660 1639 ultro
1695 1593 1848 1640 vobis

256 1669 543 1717 deferenda
573 1670 792 1728 fuerint;
831 1671 1062 1718 libertati
1091 1670 1229 1718 enim
1261 1685 1325 1718 ea
1354 1668 1617 1732 praesidia
1647 1669 1844 1731 petitis,

256 1754 361 1795 non
411 1747 652 1795 licentiae
700 1749 767 1796 ad
817 1748 1213 1811 impugnandos
1262 1747 1412 1795 alies.
1489 1753 1597 1795 irae
1639 1755 1848 1796 vestrae

256 1825 430 1888 magis
467 1826 855 1888 ignoscendum
896 1842 1055 1888 quam
1094 1825 1476 1888 indulgendum
1514 1831 1613 1883 est,
1654 1824 1848 1887 quippe

199 1991 240 2023 ⁵0
256 1997 440 2043 paene,
488 1997 648 2043 quam
692 1980 794 2043 ipsi
836 1981 983 2029 liberi
1025 1981 1159 2039 siizis,
1206 1980 1468 2029 dominari
1516 1980 1618 2027 iam
1663 1979 1714 2027 in
1757 1980 1847 2028 ad-

256 2058 521 2106 versarios
555 2058 733 2106 voltis.
807 2074 1146 2120 nunquamne
1179 2058 1416 2121 quiescet
1445 2057 1634 2105 civitas
1665 2065 1848 2106 nostra

256 2144 289 2183 a
336 2136 607 2198 suppliciis
656 2143 749 2184 aut
797 2143 1007 2199 patrum
1055 2136 1107 2183 in
1156 2137 1362 2198 plebem
1415 2135 1711 2183 Romanam
1754 2142 1847 2184 aut

256 2213 424 2275 plebis
468 2213 518 2261 in
563 2215 776 2276 patres?
847 2221 1002 2262 scuto
1048 2216 1201 2262 vobis
1244 2212 1419 2276 magis
1460 2227 1620 2275 quam
1662 2212 1846 2275 gladie

256 2306 390 2353 opus
424 2299 521 2339 est.
599 2291 730 2339 satis
768 2307 1031 2354 superque
1060 2291 1244 2339 humili
1274 2298 1373 2349 est,
1408 2290 1497 2353 qui
1531 2289 1641 2337 iure
1674 2297 1846 2353 aequo

199 2380 239 2411 55
257 2367 307 2415 in
334 2368 548 2417 civitate
579 2369 725 2427 vivit,
757 2384 853 2417 nec
877 2369 1149 2417 inferendo
1175 2367 1417 2415 iniuriam
1445 2383 1540 2415 nec
1571 2367 1838 2429 patiende.

256 2445 415 2493 etiam
443 2452 488 2493 si
518 2447 732 2509 quando
758 2446 1072 2494 metuendos
1099 2452 1198 2493 vos
1229 2444 1518 2507 praebituri
1547 2444 1693 2503 estis,
1724 2460 1843 2493 cum

257 2530 579 2586 recuperatis
617 2523 1023 2587 magistratibus
1057 2523 1372 2586 legibusque
1405 2528 1614 2581 vestris,
1653 2522 1845 2572 iudicia

255 2617 416 2663 penes
454 2608 550 2649 ves
588 2610 740 2649 erunt
777 2602 842 2649 de
879 2600 1051 2663 capite
1088 2606 1273 2649 nostre
1309 2600 1658 2663 fortunisque,
1696 2607 1839 2659 tunc,

256 2687 313 2726 ut
361 2695 602 2741 quaeque
649 2694 813 2727 causa
860 2678 974 2736 erit,
1029 2678 1277 2727 statuetis
1293 2694 1305 2736 ς
1360 2694 1498 2726 nunc
1545 2678 1842 2725 libertatem

199 2763 421 2818 eorepeti
454 2756 585 2804 satis
616 2757 735 2805 est.'
807 2756 1057 2814 facerent,
1088 2763 1146 2803 ut
1175 2756 1385 2814 vellent,
1416 2753 1841 2818 permittentibus

254 2840 476 2892 cunctis,
508 2850 632 2882 mox
663 2834 923 2882 redituros
951 2840 1010 2882 se
1037 2834 1204 2897 legati
1233 2835 1391 2882 rebus
1421 2832 1666 2896 perfectis
1696 2831 1841 2879 affir-

255 2919 417 2958 mant.
495 2912 717 2974 profecti
763 2927 883 2960 cum
933 2912 1186 2959 mandata
1238 2910 1407 2974 plebis
1460 2908 1698 2972 patribus
1752 2924 1840 2957 ex-

254 2989 576 3054 posuissent,
624 2990 712 3039 alii
759 2989 1059 3049 decemviri,
1111 2989 1327 3057 quando
1374 2987 1584 3056 quidem
1632 2993 1841 3054 praeter
