1956 3242
607 232 906 294 Excerpta
946 231 1162 281 Brevia
1599 237 1662 298 85

99 370 285 420 vertite
321 387 530 435 equum,
572 373 772 420 Danai!
821 373 956 421 male
991 372 1227 421 vincitis!
1279 367 1373 421 Ilia
1408 373 1561 422 tellus

165 454 322 506 vivet,
363 455 415 497 et
450 449 570 497 huic
604 449 763 498 cineri
802 449 1032 512 Iuppiter
1067 466 1214 497 arma
1248 450 1408 498 dabit.

98 524 298 586 optima
332 532 589 575 nutricum
627 533 821 575 nostris
858 527 982 589 lupa
1018 526 1212 575 Martia
1247 528 1418 585 rebus,
1678 536 1718 567 ⁵⁵

164 601 340 663 qualia
374 609 651 651 creverunt
687 603 894 651 moenia
930 603 1063 651 lacte
1098 605 1219 652 tue!

98 677 304 726 moenia
339 695 566 741 namque
601 679 689 742 pio
724 687 884 728 coner
921 679 1198 742 dispenere
1233 692 1415 729 versu:

163 754 209 802 ei
245 754 387 812 mihi,
428 756 569 818 quod
605 763 788 804 nostro
824 764 905 804 est
941 773 1134 819 parvus
1172 757 1222 804 in
1258 765 1348 806 ore
1384 759 1571 805 sonus!

98 831 189 878 sed
226 838 402 880 tamen
438 832 633 895 exiguo
668 834 1033 896 quodcumque
1070 841 1098 882 e
1134 841 1343 895 pectore
1380 840 1476 881 rivi

163 908 385 966 fluxerit,
426 909 528 958 hec
563 910 763 971 patriae
799 910 991 958 serviet
1026 927 1180 959 omne
1215 927 1377 959 meae.
1677 921 1719 953 ⁶0

100 984 298 1032 Ennius
335 985 538 1035 hirsuta
571 987 752 1049 cingat
788 1003 885 1035 sua
920 987 1060 1036 dicta
1095 994 1317 1036 corona:

163 1068 235 1108 mi
270 1062 394 1110 folia
428 1079 492 1111 ex
528 1064 721 1112 hedera
755 1064 981 1127 porrige,
1024 1065 1243 1122 Bacche,
1284 1072 1393 1122 tua,

97 1145 154 1186 ut
190 1146 385 1187 nostris
421 1140 706 1189 tumefacta
742 1141 1009 1203 superbiat
1048 1141 1267 1189 Umbria
1302 1141 1462 1199 libris,

166 1215 386 1264 Umbria
422 1217 649 1265 Romani
685 1217 855 1279 patria
891 1218 1224 1266 Callimachi!

96 1293 409 1342 scandentes
445 1294 683 1356 quisquis
718 1294 882 1342 cernit
917 1295 982 1342 de
1018 1294 1240 1342 vallibus
1278 1301 1442 1351 arces,
1677 1308 1718 1339 65

163 1367 375 1432 ingenie
412 1377 591 1419 muros
626 1371 868 1419 aestimet
904 1371 987 1419 ille
1024 1372 1170 1419 meo!

98 1445 286 1503 Roma,
326 1447 462 1504 fave,
502 1447 596 1496 tibi
634 1448 805 1511 surgit
840 1464 991 1510 opus,
1033 1449 1155 1496 date
1190 1447 1415 1496 candida
1449 1454 1590 1496 cives

160 1522 352 1581 omina,
394 1531 446 1572 et
481 1523 701 1586 inceptis
737 1525 954 1573 dextera
988 1532 1165 1573 cantet
1200 1524 1339 1572 avis!

95 1615 247 1648 sacra
277 1600 494 1663 diesque
528 1617 714 1650 canam
751 1609 803 1649 et
838 1602 1159 1665 cognomina
1194 1607 1366 1664 prisca
1398 1601 1659 1649 locorum:

161 1677 257 1725 has
294 1693 442 1726 meus
478 1678 545 1725 ad
582 1685 752 1726 metas
789 1679 942 1727 sudet
979 1686 1186 1741 oportet
1221 1694 1404 1741 equus.
1677 1690 1717 1725 ’το

846 1833 909 1883 69

452 1943 571 1991 THE
609 1944 900 1991 PROPHECY
935 1958 1002 1991 OF
1037 1944 1308 1992 ANcmsEs

100 2068 114 2090 ‘
132 2065 285 2113 Nunc
313 2081 431 2128 age,
463 2065 784 2114 Dardaniam
810 2067 1008 2128 prolem
1038 2083 1172 2129 quae
1197 2067 1382 2115 deinde
1412 2074 1663 2130 sequatur

94 2145 281 2208 gloria,
323 2151 412 2208 qui
448 2153 694 2194 maneant
733 2147 868 2194 Itala
903 2147 968 2195 de
1004 2154 1162 2209 gente
1198 2154 1436 2209 nepotes,

95 2221 340 2270 inlustres
378 2222 582 2271 animas
618 2230 960 2285 nostrumque
997 2223 1046 2270 in
1084 2230 1276 2271 nomen
1313 2223 1495 2282 ituras,

95 2299 370 2361 expediam
406 2299 576 2357 dictis,
618 2307 671 2347 et
706 2306 759 2348 te
795 2307 888 2347 tua
922 2300 1034 2347 fata
1068 2300 1285 2348 docebc').

95 2375 194 2434 ille,
235 2376 399 2434 vides,
442 2384 574 2437 pura
609 2375 810 2424 iuvenis
846 2382 936 2439 qui
971 2377 1153 2425 nititur
1188 2378 1359 2435 hasta,
1679 2397 1698 2427 5

96 2452 345 2513 proxima·
369 2460 511 2500 sorte
547 2460 689 2500 tenet
725 2453 854 2501 lucis
890 2454 1022 2511 loca,
1063 2460 1262 2515 primus
1298 2454 1363 2501 ad
1401 2462 1558 2502 auras

95 2528 353 2577 aetherias
382 2530 517 2577 Italo
541 2536 858 2578 commixtus
895 2530 1151 2593 sanguine
1187 2538 1388 2594 surget,

97 2604 306 2662 Silvius,
336 2605 596 2653 Albanum
633 2613 840 2664 nomen,
880 2614 974 2654 tua
1009 2614 1255 2668 postuma
1290 2607 1481 2669 preles,

95 2697 250 2744 quem
286 2681 380 2729 tibi
416 2683 679 2745 longaevo
716 2689 895 2731 serum
934 2683 1151 2731 Lavinia
1184 2683 1411 2731 coniunx

95 2759 282 2807 educet
307 2758 452 2806 silvis
490 2766 668 2821 regem
706 2766 997 2823 regumque
1033 2768 1321 2822 parentem,
1678 2780 1720 2812 10

96 2836 233 2884 unde
268 2852 438 2899 genus
477 2836 665 2898 Longa
699 2844 938 2885 nostrum
973 2837 1327 2885 dominabitur
1361 2836 1509 2884 Alba.

96 2912 365 2974 proximus
402 2913 485 2960 ille
522 2913 734 2972 Procas,
774 2914 1034 2962 Troianae
1069 2913 1240 2977 gloria
1274 2913 1465 2977 gentis,

97 2997 150 3037 et
185 2990 360 3053 Capys
396 2998 448 3039 et
485 2990 729 3039 Numitor
763 2998 816 3039 et
850 2998 940 3053 qui
974 2999 1026 3039 te
1062 2991 1270 3040 nomine
1307 2992 1487 3039 reddet
