1956 3242
285 221 353 268 80
806 217 1110 278 Excerpta
1150 213 1370 264 Brevia

287 366 482 408 octavo
530 358 737 407 decimo
793 365 935 406 anno
991 358 1201 421 publice
1256 357 1592 407 declamavit.
1690 366 1881 422 postea

232 453 272 484 10
288 438 585 486 studiorum
616 445 780 486 causa
812 437 1039 484 Romam
1066 435 1228 495 venit,
1258 436 1426 484 latum
1457 436 1663 485 clavum
1693 445 1728 486 a
1755 437 1881 486 divo

292 517 477 565 Marco
509 515 640 578 petit
672 522 725 563 et
755 515 976 577 accepit,
1006 514 1219 563 favente
1253 514 1351 563 sibi
1387 514 1647 577 Septimio
1680 515 1881 564 Severo

288 595 459 641 adfini
497 601 613 651 suo,
656 592 736 641 bis
777 593 881 641 iam
921 593 1203 641 consulari.
1280 609 1401 641 curn
1444 593 1671 641 Romam
1708 593 1882 642 venis-

288 680 385 730 set,
430 671 694 733 hospitem
735 678 978 730 nanctus,
1023 677 1115 734 qui
1157 669 1416 719 Hadriani
1454 677 1618 719 vitam
1658 670 1881 734 impera-

288 750 480 798 toriam
514 750 699 797 eadem
735 749 870 797 hora
902 749 1120 812 legeret,
1158 749 1302 812 quod
1339 748 1438 797 sibi
1477 755 1634 797 omen
1671 749 1881 797 futurae

232 844 271 875 15
289 828 555 876 felicitatis
577 826 813 890 arripuit.
868 826 1054 875 habuit
1074 835 1126 875 et
1146 826 1289 874 aliud
1308 834 1465 875 omen
1486 826 1704 889 imperii.
1759 843 1880 875 cum

290 914 513 968 rogatus
556 906 623 953 ad
667 912 854 954 cenam
898 904 1294 967 imperatoriam
1334 904 1585 967 palliatus
1624 904 1875 962 venisset,

287 990 378 1047 qui
426 992 648 1047 togatus
697 989 874 1031 venire
922 984 1196 1042 debuerat,
1249 990 1435 1046 togam
1483 981 1882 1045 praesidiariam

289 1063 455 1124 ipsius
498 1061 835 1124 imperatoris
875 1061 1094 1123 accepit.
1172 1062 1360 1109 eadem
1400 1068 1555 1109 nocte
1597 1059 1883 1109 somniavit

290 1142 444 1202 lupae
471 1147 529 1188 se
555 1139 804 1188 uberibus
831 1147 890 1187 ut
918 1139 1144 1187 Remum
1171 1139 1442 1188 inhaerere
1462 1139 1544 1187 vel
1573 1139 1876 1187 Romulum.

233 1235 273 1266 20
291 1217 429 1266 sedit
454 1225 506 1265 et
532 1217 583 1264 in
611 1217 741 1265 sella
766 1216 1109 1279 imperatoria
1133 1223 1331 1265 temere
1357 1225 1390 1265 a
1415 1216 1659 1265 ministro
1685 1215 1877 1278 posita,

290 1302 511 1358 ignarus
536 1295 679 1358 quod
706 1301 811 1342 non
838 1293 1036 1342 liceret.
1099 1294 1380 1343 dormienti
1405 1294 1565 1342 etiam
1592 1294 1642 1342 in
1670 1294 1884 1342 stabulo

290 1381 508 1435 serpens
551 1380 714 1435 caput
755 1373 921 1421 cinxit
963 1380 1016 1420 et
1058 1372 1171 1421 sine
1213 1380 1357 1421 noxa
1397 1373 1788 1435 expergefactis
1830 1379 1884 1421 et

290 1451 714 1500 adclamantibus
751 1450 1116 1509 familiaribus,
1159 1450 1303 1499 abiit.

361 1524 507 1578 idem
550 1545 670 1578 cum
714 1529 1063 1591 implacabilis
1106 1528 1312 1576 delictis
1355 1528 1471 1586 fuit,
1518 1535 1631 1576 tum
1675 1529 1742 1576 ad
1785 1528 1883 1577 eri-

234 1627 274 1657 25
290 1608 500 1671 gendos
549 1606 840 1655 industrios
890 1607 1021 1655 satis
1069 1606 1299 1664 deditus,
1352 1607 1624 1655 doctrinae
1671 1622 1883 1670 quoque

291 1685 446 1733 nimis
469 1686 709 1747 cupidus.
777 1685 1042 1732 latronum
1069 1685 1262 1747 ubique
1287 1683 1473 1732 hostis.
1539 1690 1703 1732 vitam
1730 1700 1880 1732 suam

290 1770 554 1826 privatam
615 1762 986 1825 publicamque
1046 1762 1159 1824 ipse
1218 1761 1518 1824 composuit
1577 1762 1644 1810 ad
1703 1762 1878 1822 fidem,

291 1842 462 1890 solum
502 1849 680 1889 tamen
720 1840 907 1888 vitium
945 1839 1274 1888 crudelitatis
1312 1848 1591 1887 excasans.

359 1919 520 1967 Periit
552 1919 779 1967 Eboraci
804 1918 855 1965 in
884 1917 1158 1965 Britannia
1184 1919 1420 1965 subactis
1449 1917 1717 1981 gentibus,
1746 1934 1884 1981 quae

234 2013 275 2044 30
294 1997 597 2045 Britanniae
641 1996 958 2045 videbantur
999 1994 1241 2052 infestae,
1289 2001 1430 2043 anno
1477 1994 1681 2058 imperii
1722 2009 1879 2055 xvnr,

293 2077 480 2123 morbo
517 2074 843 2137 gravissimo
881 2079 1164 2130 extinctus,
1207 2072 1312 2120 iam
1349 2088 1527 2120 senex.

360 2154 540 2215 Opera
570 2152 782 2214 publica
812 2151 1098 2214 praecipua
1131 2149 1244 2198 eius
1275 2157 1488 2198 exstant
1523 2149 1881 2213 Septizonium

292 2239 344 2279 et
381 2232 618 2278 thermae
657 2230 993 2288 Severianae,
1029 2228 1372 2291 eiusdemque
1409 2228 1568 2276 etiam
1605 2228 1795 2278 ianuae
1832 2229 1882 2276 in

292 2309 693 2356 Transtiberina
726 2307 945 2370 regione
976 2307 1044 2354 ad
1077 2314 1285 2370 portam
1318 2306 1545 2354 nominis
1579 2312 1676 2354 sui.

238 2406 277 2437 35
365 2386 620 2433 Iudicium
643 2386 709 2433 de
736 2392 801 2433 eo
827 2391 950 2447 post
975 2391 1199 2432 mortem
1221 2392 1477 2448 magnum
1503 2384 1737 2432 omnium
1764 2384 1879 2443 fuit,

295 2463 523 2511 maxime
553 2464 696 2525 quod
726 2463 815 2510 diu
847 2478 943 2511 nec
973 2470 1006 2510 a
1034 2461 1162 2510 filiis
1193 2462 1306 2510 eius
1337 2464 1463 2510 boni
1495 2462 1692 2526 aliquid
1725 2468 1800 2510 rei
1828 2479 1878 2525 p.

295 2541 438 2590 venit
457 2549 510 2589 et
529 2549 719 2603 postea
737 2540 1109 2589 invadentibus
1130 2541 1310 2588 multis
1331 2556 1438 2589 rem
1459 2557 1509 2603 p.
1535 2549 1620 2590 res
1643 2541 1887 2591 Romana

295 2618 650 2682 praedonibus
677 2619 906 2680 direptui
931 2618 1044 2666 fuit.

366 2698 467 2746 Hic
493 2705 603 2744 tam
629 2696 838 2759 exiguis
865 2696 1104 2744 vestibus
1135 2707 1265 2745 fisus
1295 2703 1393 2755 est,
1424 2704 1483 2745 ut
1507 2696 1595 2745 vix
1626 2705 1678 2746 et
1707 2697 1888 2746 tunica

239 2793 279 2824 40
296 2776 409 2823 eius
452 2774 649 2838 aliquid
698 2789 962 2837 purpurae
1012 2775 1247 2833 haberet,
1294 2790 1414 2823 cum
1464 2774 1602 2823 hirta
1647 2775 1887 2838 clamyde

296 2860 509 2901 umeros
551 2854 769 2901 velaret.
852 2852 955 2900 cibi
997 2851 1360 2914 parcissimus,
1405 2851 1688 2915 leguminis
1730 2851 1889 2915 patrii

296 2931 502 2989 avidus,
555 2936 663 2979 vini
718 2930 1005 2993 aliquando
1061 2930 1302 2992 cupidus,
1360 2930 1534 2979 carnis
1588 2930 1889 2993 frequenter

297 3016 532 3072 ignarus.
593 3009 705 3071 ipse
731 3009 975 3067 decorus,
1007 3007 1214 3071 ingens,
1246 3014 1513 3070 promissa
1537 3009 1720 3068 barba,
1750 3014 1888 3057 cano
