1956 3242
615 217 914 278 Excerpta
953 214 1170 265 Brevia
1610 234 1672 280 29

113 357 280 405 claudi
325 358 572 405 tabernas
619 363 738 405 tete
785 358 911 405 urbe
959 356 1118 415 iubet,
1164 364 1309 404 vetat
1356 373 1672 419 quemquam

106 439 343 495 privatae
373 432 652 495 quicquam
679 440 751 481 rei
775 449 959 496 agere;
997 441 1126 491 tum,
1157 440 1470 496 quicumque
1500 442 1673 481 aetate

107 509 316 557 militari
351 517 545 567 essent,
587 517 775 557 armati
810 526 926 558 cum
965 510 1172 558 cibariis
1210 510 1260 557 in
1298 510 1409 557 dies
1446 517 1674 572 quinque

106 593 270 634 coctis
325 586 580 647 vallisque
634 587 894 634 duodenis
952 595 1074 635 ante
1132 586 1261 635 solis
1319 595 1565 634 occasum
1623 587 1673 633 in

107 669 295 724 campe
334 663 607 719 adessent;
659 663 849 724 quibus
888 671 1037 711 aetas
1080 664 1146 711 ad
1190 663 1515 710 militandum
1555 679 1730 725 gra-60

107 739 220 787 vior
261 746 418 796 esset,
458 744 631 786 vicino
670 739 836 796 militi,
880 740 1004 786 dum
1048 740 1092 787 is
1134 755 1282 787 arma
1322 747 1531 800 pararet
1569 740 1675 786 vel-

108 816 318 876 lumque
351 822 567 876 peteret,
597 814 793 862 cibaria
824 831 1048 877 coquere
1081 815 1249 863 iussit.
1326 822 1400 863 sic
1433 815 1675 863 iuventus

107 890 351 938 discurrit
409 892 476 938 ad
535 892 730 939 vellum
790 893 1088 953 petendum.
1188 899 1475 953 sumpsere,
1539 893 1676 939 unde

107 974 293 1030 cuique
341 967 638 1029 proximum
685 967 809 1024 fuit;
870 969 1164 1029 prohibitus
1212 975 1369 1016 nemo
1416 976 1523 1025 est3
1584 968 1676 1015 im-

108 1045 361 1107 pigreque
390 1052 573 1093 omnes
603 1045 669 1092 ad
703 1044 932 1092 edictum
962 1044 1239 1093 dictatoris
1269 1052 1481 1106 praesto
1512 1045 1669 1092 fuere.
1691 1063 1732 1095 65

109 1121 227 1168 inde
257 1121 554 1182 composite
583 1121 796 1183 figmine
826 1128 932 1169 nen
963 1121 1134 1169 itineri
1163 1121 1335 1183 magis
1365 1128 1488 1183 apte
1519 1137 1676 1183 quam

109 1197 322 1259 proelio,
366 1204 412 1245 si
460 1204 546 1245 res
594 1197 668 1245 ita
714 1197 939 1255 tulisset,
984 1198 1221 1260 legiones
1271 1198 1382 1259 ipse
1430 1198 1672 1256 dictator,

108 1273 363 1336 magister
408 1274 643 1337 equitum
691 1281 817 1322 sues
865 1275 1069 1336 equites
1112 1274 1270 1322 ducit.
1360 1275 1411 1321 in
1454 1281 1677 1336 utroque

108 1349 336 1412 figmine,
366 1357 499 1412 quas
528 1358 736 1412 tempus
771 1350 942 1412 ipsum
974 1353 1246 1412 poscebat,
1277 1351 1677 1399 adhortationes

109 1434 283 1474 erant:
338 1427 589 1474 adderent
636 1428 888 1490 gradum;
945 1435 1211 1475 maturato
1258 1443 1391 1488 opus
1439 1443 1571 1484 esse,
1619 1435 1677 1475 ut
1692 1442 1734 1476 το

110 1510 263 1550 nocte
304 1503 372 1550 ad
414 1503 620 1551 hostem
662 1509 919 1564 perveniri
960 1512 1167 1565 posset;
1222 1504 1491 1551 consulem
1534 1520 1677 1551 exer-

109 1580 374 1641 citumque
437 1579 736 1627 Romanum
797 1579 1041 1637 obsideri,
1106 1580 1316 1627 tertium
1375 1580 1512 1627 diem
1574 1580 1676 1627 iam

110 1657 322 1704 clausos
361 1671 502 1714 esse;
557 1656 683 1718 quid
718 1672 956 1718 quaeque
995 1673 1099 1704 nox
1136 1665 1227 1704 aut
1265 1657 1377 1704 dies
1414 1656 1564 1715 ferat,
1605 1657 1679 1703 in-

110 1739 310 1780 certum
364 1747 507 1790 esse3
562 1739 760 1794 puncto
815 1749 972 1794 saepe
1025 1733 1276 1794 temporis
1331 1734 1678 1780 maximarum

112 1815 286 1856 rerum
312 1815 582 1857 momenta
606 1815 753 1857 verti.
823 1813 834 1835 ‘
853 1811 1101 1858 Accelera
1126 1810 1378 1872 signifer‚’
1410 1813 1422 1835 ‘
1441 1826 1673 1872 sequere,
1694 1826 1736 1862 75

112 1886 298 1943 miles,’
333 1884 467 1933 inter
502 1893 559 1934 se
591 1901 800 1948 quoque
835 1886 1197 1947 gratificantes
1230 1885 1450 1933 ducibus
1486 1887 1679 1934 cleme-

112 1964 255 2010 bant.
346 1962 518 2010 medie.
565 1969 718 2010 nocte
765 1962 815 2009 in
863 1962 1111 2024 Algidum
1153 1962 1461 2024 perveniunt
1508 1970 1576 2020 et,
1622 1969 1681 2010 ut

115 2045 326 2087 sensere
356 2045 414 2086 se
447 2038 549 2086 iam
580 2053 742 2100 prope
772 2038 954 2087 hostes
983 2054 1117 2096 esse,
1148 2045 1304 2101 signa
1331 2038 1673 2086 constituunt.

115 2114 183 2162 ibi
226 2115 469 2173 dictator,
512 2122 767 2177 quantum
811 2122 963 2163 nocte
1004 2114 1232 2177 prospici
1274 2122 1496 2176 poterat,
1543 2122 1680 2177 eque

113 2192 496 2240 circumvectus
520 2192 1010 2254 contemplatusque
1035 2198 1124 2253 qui
1154 2198 1355 2239 tractus
1384 2199 1679 2239 castrerum
1697 2210 1739 2242 80

114 2285 354 2332 quaeque
386 2269 558 2318 ferma
591 2277 746 2327 esset,
785 2268 1007 2316 tribunis
1040 2268 1259 2315 militum
1295 2267 1586 2330 imperavit,
1625 2276 1682 2315 ut

115 2346 350 2394 sarcines
383 2346 435 2394 in
468 2357 630 2393 unum
663 2345 830 2394 conici
862 2346 1090 2403 iubeant,
1122 2345 1337 2392 militem
1371 2361 1490 2393 cum
1524 2351 1682 2392 armis

114 2423 361 2484 valloque
403 2423 569 2470 redire
618 2421 669 2468 in
711 2422 926 2470 Ordines
969 2428 1112 2469 sues.
1206 2421 1362 2478 facta,
1410 2437 1544 2482 quae
1592 2421 1683 2467 im-

115 2499 335 2560 peravit.
411 2507 541 2556 tum,
578 2505 685 2560 que
718 2498 924 2545 fuerant
957 2497 1139 2545 Ordine
1176 2497 1226 2544 in
1260 2497 1361 2554 vie,
1399 2497 1682 2545 exercitum

116 2590 325 2623 omnem
359 2575 522 2636 longo
558 2574 770 2636 agmine
806 2573 1091 2621 circumdat
1127 2573 1355 2621 hostium
1390 2579 1577 2620 castris
1610 2581 1678 2631 et,
1699 2591 1740 2623 8⁶

117 2651 205 2698 ubi
236 2657 447 2712 signum
472 2650 654 2697 datum
681 2650 765 2708 sit,
795 2651 1075 2697 clamorem
1103 2657 1285 2697 omnes
1310 2650 1491 2697 tollere
1521 2649 1679 2706 iubet,

120 2728 351 2775 clamere
382 2727 611 2784 sublato,
647 2733 769 2774 ante
806 2733 863 2774 se
894 2742 1152 2788 quemque
1184 2726 1372 2774 ducere
1403 2727 1602 2773 fossam
1633 2733 1685 2773 et

119 2802 286 2851 iacere
318 2802 530 2850 vellum.
608 2802 752 2849 edito
788 2801 1023 2864 imperio,
1061 2809 1272 2864 signum
1310 2810 1546 2849 secutum
1582 2809 1678 2849 est.

120 2877 265 2926 iussa
301 2878 450 2926 miles
487 2877 789 2939 exsequitur
801 2893 813 2935 ;
862 2879 1060 2925 clamor
1096 2878 1277 2926 hostes
1313 2878 1679 2926 circumsonat.

120 2964 335 3020 superat
382 2955 500 3004 inde
547 2962 723 3004 castra
769 2954 998 3004 hostium
1043 2962 1095 3003 et
1143 2954 1192 3002 in
1235 2962 1409 3004 castra
1455 2955 1745 3008 censulisw
