1956 3242
286 221 352 268 44
551 215 554 217 ’
807 204 1111 267 Excerpta
1151 200 1371 252 Brevia

286 354 438 411 eique
480 363 602 397 cum
646 348 814 396 multa
852 348 919 396 de
960 347 1064 396 fide
1107 355 1207 395 sua
1247 354 1300 395 et
1339 345 1464 396 odio
1507 345 1560 394 in
1602 346 1881 396 Romanos

286 433 777 485 commemorasset,
816 426 919 474 hec
953 424 1221 473 adiunxit:
1271 425 1462 473 ‘Pater
1499 424 1676 472 meus’
1712 423 1881 488 inquit

292 503 599 552 ‘Hamilcar
657 503 880 566 puerulo
939 510 1041 561 me,
1095 509 1281 565 utpote
1337 509 1442 550 nen
1500 501 1728 564 amplius
1783 516 1880 550 vm

230 597 272 630 30
288 588 457 629 annes
515 587 661 639 nato,
714 580 766 628 in
826 579 1145 642 Hispaniam
1193 579 1483 642 imperator
1538 580 1881 642 proficiscens

287 658 615 721 Carthagine
655 659 768 707 Iovi
804 657 1009 720 optime
1049 657 1284 706 maximo
1323 656 1528 705 hostias
1565 656 1874 706 immolavit.

286 752 423 798 quae
461 737 641 784 divina
684 744 768 784 res
808 736 935 784 dum
974 735 1374 794 conficiebatur,
1418 734 1682 797 quaesivit
1723 743 1758 783 a
1797 742 1882 784 me

286 814 543 862 vellemne
569 822 754 862 seeum
781 813 831 861 in
858 821 1037 862 castra
1066 813 1343 875 proficisci.
1422 813 1474 860 id
1507 829 1627 861 cum
1662 812 1883 862 libenter

287 891 612 953 accepissem
652 899 813 955 atque
856 893 923 940 ab
963 898 1027 939 eo
1069 897 1248 953 petere
1289 890 1586 953 coepissem
1628 897 1695 939 ne
1733 890 1882 939 dubi-

231 987 271 1018 35
288 977 424 1017 taret
473 969 680 1028 ducere,
733 977 846 1017 tum
891 969 992 1026 ille,
1041 968 1327 1026 ‘Faciam,’
1377 968 1564 1031 inquit,
1623 967 1699 1017 ‘si
1755 967 1881 1016 mihi

287 1047 445 1095 fidem
486 1064 647 1110 quam
690 1047 905 1109 postulo
949 1046 1156 1095 dederis
1174 1047 1202 1094 ’.
1296 1045 1453 1095 simul
1497 1053 1581 1095 me
1622 1046 1691 1095 ad
1733 1054 1882 1095 aram

288 1124 527 1184 adduxit,
571 1125 713 1188 apud
752 1141 912 1188 quam
954 1123 1252 1173 sacrificare
1292 1124 1614 1183 instituerat,
1659 1139 1882 1187 eamque

287 1209 478 1251 ceteris
539 1209 756 1251 remotis
827 1209 1095 1251 tenentem
1155 1201 1329 1251 iurare
1396 1201 1552 1251 iussit
1610 1218 1882 1265 nunquam

289 1288 373 1329 me
425 1279 477 1328 in
525 1280 761 1329 amicitia
807 1296 927 1328 cum
980 1280 1237 1329 Romanis
1289 1279 1416 1329 fore.
1516 1279 1569 1327 id
1621 1295 1726 1343 ego
1777 1279 1882 1328 ius-

230 1357 571 1408 wiurandum
613 1365 751 1420 patri
793 1358 978 1406 datum
1021 1369 1191 1420 nsque
1233 1357 1301 1405 ad
1349 1357 1487 1406 hanc
1528 1365 1760 1406 aetatem
1808 1357 1883 1406 ita

288 1442 622 1495 censervavi,
679 1443 738 1483 ut
799 1435 995 1484 nemini
1047 1435 1267 1483 dubium
1323 1451 1442 1484 esse
1488 1435 1698 1494 debeat,
1754 1441 1881 1499 quin

289 1514 493 1577 relique
523 1521 761 1577 tempore
791 1514 976 1562 eadem
1008 1520 1184 1562 mente
1218 1512 1317 1561 sim
1351 1513 1578 1561 futurus.
1642 1519 1807 1576 quare
1837 1519 1883 1560 si

287 1591 414 1655 quid
452 1599 622 1641 amice
657 1593 723 1640 de
763 1592 1019 1640 Romanis
1056 1590 1339 1654 cogitabis,
1381 1598 1487 1640 non
1524 1590 1883 1653 imprudenter

287 1670 496 1729 feceris,
539 1676 585 1718 si
627 1677 711 1719 me
748 1669 964 1727 celaris;
1002 1685 1123 1717 cum
1157 1668 1371 1731 quidem
1412 1668 1607 1717 bellum
1645 1668 1875 1730 parabis,

231 1766 272 1798 45
288 1755 341 1797 te
384 1748 558 1810 ipsum
607 1747 966 1806 frustraberis,
1014 1753 1060 1795 si
1107 1754 1212 1795 non
1261 1753 1346 1795 me
1391 1745 1443 1794 in
1485 1752 1550 1795 ee
1591 1745 1880 1809 principem

286 1826 568 1888 posueris.‘

358 1904 476 1952 Hac
512 1903 676 1967 igitur
711 1911 818 1967 qua
853 1902 1084 1951 diximus
1118 1909 1295 1951 aetate
1327 1918 1447 1951 cum
1480 1908 1632 1964 patre
1665 1901 1715 1950 in
1756 1901 1881 1951 His-

287 1981 499 2044 paniam
531 1982 802 2044 profectus
833 1988 932 2040 est,
963 1980 1113 2029 cuius
1139 1987 1262 2043 post
1287 1980 1508 2038 obitum,
1542 1980 1880 2029 Hasdrubale

288 2059 609 2123 imperatore
653 2060 898 2118 suffecto,
945 2058 1206 2122 equitatui
1253 2065 1397 2107 omni
1445 2058 1686 2120 praefuit.
1776 2059 1880 2108 hoc

230 2156 272 2188 50
287 2154 500 2201 quoque
531 2137 808 2187 interfecto
839 2137 1102 2186 exercitus
1133 2153 1397 2185 summam
1428 2136 1632 2198 imperii
1660 2137 1727 2184 ad
1758 2153 1877 2185 eum

287 2215 492 2264 detulit.
578 2215 629 2263 id
679 2214 1060 2278 Carthaginem
1102 2215 1341 2263 delatum
1390 2214 1597 2277 publice
1638 2230 1879 2276 compro-

287 2294 472 2342 batum
498 2300 595 2341 est.
673 2299 749 2341 sic
785 2292 1054 2341 Hannibal
1085 2292 1256 2341 minor
1280 2307 1317 2340 v
1341 2299 1395 2341 et
1425 2306 1506 2340 xx
1536 2298 1688 2340 annis
1719 2300 1877 2340 natus

287 2370 576 2433 imperator
631 2370 805 2419 factus
866 2370 1108 2432 proximo
1164 2369 1391 2418 triennio
1445 2377 1631 2418 omnes
1685 2377 1876 2433 gentes

290 2448 583 2511 Hispaniae
613 2449 752 2497 bello
783 2448 1013 2511 subegit,
1046 2448 1366 2511 Saguntum,
1397 2446 1723 2496 foederatam
1753 2447 1876 2497 civi-

229 2545 270 2576 55
286 2535 471 2585 tatem,
510 2534 563 2575 vi
599 2526 945 2590 expugnavit,
983 2533 1092 2575 tres
1129 2525 1392 2574 exercitus
1432 2525 1696 2575 maximos
1734 2542 1876 2575 com-

286 2605 508 2667 paravit.
586 2621 652 2653 ex
678 2605 760 2652 his
787 2616 950 2652 unum
978 2603 1028 2651 in
1055 2597 1286 2652 Africam
1314 2603 1474 2662 misit,
1505 2605 1727 2653 alterum
1753 2620 1874 2652 cum

290 2683 626 2731 Hasdrubale
669 2682 831 2731 fratre
879 2682 930 2729 in
976 2681 1239 2743 Hispania
1290 2681 1514 2744 reliquit,
1561 2681 1774 2730 tertium
1821 2680 1872 2729 in

288 2754 496 2809 Ttaliam
540 2768 720 2809 secum
764 2759 930 2808 duxit.
1025 2760 1220 2808 saltum
1270 2761 1598 2823 Pyrenaeum
1641 2757 1864 2807 transiit.

284 2847 619 2902 quacumque
654 2839 751 2887 iter
784 2837 925 2896 fecit,
955 2854 1075 2886 cum
1110 2837 1355 2886 omnibus
1389 2837 1573 2886 incolis
1606 2835 1869 2885 conflixit:

228 2934 269 2965 σο
286 2917 547 2966 neminem
579 2916 678 2965 nisi
705 2916 902 2964 victum
933 2915 1148 2963 dimisit.
1225 2916 1292 2963 ad
1326 2915 1488 2977 Alpes
1520 2921 1870 2976 posteaquam

284 2995 444 3052 venit,
475 3011 610 3057 quae
651 2988 856 3042 Ttaliam
891 2995 958 3041 ab
995 2993 1166 3042 Gallia
1203 2993 1510 3056 seiungunt,
1541 3001 1676 3054 quas
1709 2999 1871 3040 neme
